3504 4782
412 366 481 442 106
580 334 1403 428 Drssuuaaurouts

416 523 563 617 quibusa
595 537 699 614 quam
717 534 847 613 potero
871 512 1011 610 paucis,
1045 511 1247 604 absolvam3‘
1284 537 1366 590 cum
1393 512 1513 590 faciles
1527 537 1570 592 er

415 617 534 695 nostra
564 613 750 710 hypothesi
780 614 932 689 habeant
959 611 1165 709 explicatus.
1194 627 1198 642 '
1225 612 1472 707 lnterpretes,
1512 616 1572 708 qui

414 739 453 791 re
478 737 564 792 num
593 711 766 787 Persicum
792 733 855 804 per
875 709 1004 785 Ursum
1026 710 1249 806 intelligunt,
1283 710 1319 784 in
1344 711 1455 784 varias
1478 712 1573 786 circa

416 739 516 908 casas
540 811 746 887 scinduntur
765 824 900 904 partes-3
927 830 1079 901 quorum
1095 807 1352 902 cogitationes,
1380 811 1487 906 magis
1509 811 1571 884 mi-

416 931 530 987 nusve
548 923 722 996 remotas,
747 905 930 979 recensere
949 903 1152 978 &refutare
1169 905 1312 978 taedium
1328 923 1487 995 crearet,
1502 929 1572 980 nec

417 1031 535 1102 operae
556 1007 709 1099 pretium
732 1002 840 1078 foret.
892 1001 968 1101 Qui
992 1000 1035 1073 ad
1062 1003 1210 1095 populos
1231 999 1389 1098 devistos
1413 1005 1470 1076 vel
1493 1004 1574 1079 sub·
1681 1093 1685 1102 ι

414 1107 528 1202 Jettos
547 1105 727 1190 referunt,
749 1119 788 1174 ut
801 1099 879 1174 fieri
892 1103 1022 1172 debere
1038 1097 1140 1191 supra
1152 1096 1429 1188 adfirmavimus,
1446 1104 1576 1195 partim

418 1204 461 1278 ad
487 1217 552 1274 tres
570 1201 647 1274 coeli
672 1201 786 1295 plagas
811 1219 891 1270 cum
906 1195 1146 1269 Theodoreto
1161 1198 1284 1270 oculos
1300 1195 1472 1286 sedunt,
1498 1222 1576 1291 par-

348 1319 363 1352 '=
417 1302 484 1374 tim
508 1321 589 1372 curn
612 1297 837 1387 Hieronymo
860 1291 1008 1380 Medos,
1042 1291 1178 1381 Persas,
1204 1291 1576 1370 &Chaldaeosinne-
1616 1321 1617 1326 ¹
1717 1303 1725 1314 '

420 1398 516 1471 dium
541 1393 753 1490 proferunt;
781 1413 858 1560 guae
882 1390 1059 1488 vulgatior
1084 1387 1134 1461 est
1156 1389 1290 1482 opinio.
1347 1390 1405 1465 Ne
1421 1414 1575 1483 eorum,

421 1495 479 1588 qui
495 1515 683 1566 numerum
699 1491 780 1563 inde
809 1489 922 1562 nitum
940 1488 1088 1580 exprimi
1104 1487 1136 1560 u
1154 1509 1221 1580 pro
1235 1493 1349 1561 mattis
1363 1488 1472 1582 sumi,
1491 1513 1575 1564 con·

421 1605 478 1664 tra
506 1589 610 1680 hujus
633 1587 712 1660 libri
736 1583 957 1660 constantem
972 1583 1091 1673 usum,
1118 1583 1329 1678 opinantur,
1355 1589 1575 1664 mentionem

421 1686 560 1762 faciam.
611 1683 836 1758 Theodoreti
866 1679 1071 1775 conjetlura
1090 1682 1193 1755 nimis
1216 1703 1302 1780 vaga
1324 1683 1395 1774 est,
1422 1686 1576 1758 &omni

423 1799 522 1862 caret
551 1781 807 1856 fundamento:
851 1778 1064 1870 Hieronymi
1087 1800 1175 1850 vero
1198 1779 1268 1852 hoc
1293 1781 1398 1856 habet
1419 1781 1576 1871 absurdi,

423 1881 518 1978 quod
543 1876 684 1974 Persas,
717 1877 776 1971 qui
797 1875 909 1971 ipsum
932 1891 1103 1974 regnum,
1130 1876 1236 1969 ipsam
1260 1877 1424 1972 Bestiam,
1452 1879 1579 1954 consti·
1711 1873 1713 1884 ’

423 1999 528 2053 tuere
547 1978 700 2068 debent,
724 1997 805 2048 cum
829 1973 920 2064 cassis
942 1976 976 2048 in
1000 1997 1063 2047 ore
1084 1974 1296 2072 confundat.
1346 1977 1487 2054 Retlius
1505 1979 1577 2051 fine

423 2077 533 2152 dubio
555 2073 705 2163 Medos,
745 2072 982 2146 Chaldaeos&
1005 2071 1213 2168 AEgyptios,
1242 2073 1264 2146 sr
1288 2075 1322 2146 hi
1340 2075 1414 2168 ipsrs
1430 2077 1465 2148 in
1482 2097 1578 2150 men·

422 2189 497 2250 tem
518 2169 713 2260 venissent,
739 2188 779 2244 ut
806 2167 924 2244 Docto
945 2169 1048 2241 alicui
1066 2167 1175 2260 Viro,
1202 2174 1259 2264 qui
1273 2171 1335 2244 suo
1353 2171 1481 2262 judicio
1497 2171 1577 2247 usus

421 2273 460 2347 in
478 2271 567 2344 Dan.
591 2269 712 2366 lingua
732 2268 867 2364 belgica
889 2289 970 2342 cum
986 2265 1088 2340 laude
1106 2285 1361 2344 commentatus
1375 2268 1444 2362 est,
1470 2283 1579 2344 vene·

423 2385 529 2458 runt,
556 2369 592 2442 in
616 2369 755 2442 scenam
780 2361 1034 2459 produxissent.
1085 2365 1153 2438 Sed
1179 2390 1285 2459 quare
1311 2367 1421 2462 Lydi,
1455 2369 1580 2443 Arme·

423 2469 494 2558 nii,
520 2465 678 2560 Scythae,
719 2465 835 2546 Graeci
855 2464 892 2537 in
916 2459 1017 2551 aaa,
1051 2459 1177 2556 aliique
1207 2467 1349 2558 populi,
1376 2492 1395 2540 a
1425 2465 1581 2558 Cyro&

423 2563 675 2639 successoribus
702 2560 848 2648 rubam,
886 2581 961 2634 non
984 2581 1083 2652 aeque
1105 2584 1150 2635 ac
1171 2561 1329 2661 AEgyptii
1352 2563 1384 2636 u
1406 2563 1506 2634 Medi
1527 2565 1579 2634 lo·

425 2685 508 2736 cum
529 2658 736 2734 merentur?
771 2657 1000 2756 Quocunque
1025 2657 1145 2754 itaque
1173 2675 1208 2732 te
1232 2676 1366 2746 vertas,
1394 2659 1504 2732 tribus
1520 2681 1579 2733 co·

423 2757 483 2832 stis
504 2772 539 2830 te
565 2753 751 2829 difficulter
774 2752 966 2829 secundum
987 2755 1163 2851 vulgatam
1179 2756 1387 2848 hypothesin
1402 2779 1444 2827 ex
1471 2757 1577 2831 edias.

424 2853 538 2928 Verte
561 2875 649 2926 vero
667 2869 702 2926 te
724 2874 865 2926 mecum
888 2851 932 2925 ad
958 2851 1107 2939 Medos,
1140 2853 1173 2924 u
1196 2851 1257 2926 nisr
1278 2855 1315 2928 in
1334 2869 1403 2932 tres
1421 2780 1499 2928 isos
1515 2876 1582 2948 po-

425 2951 550 3048 pulos,
577 2971 727 3042 quorum
742 2947 861 3048 figurae
877 2948 957 3024 sunt
971 2947 1060 3043 casta
1075 2950 1110 3022 in
1128 2969 1191 3022 ore
1207 2949 1296 3043 ursa,
1322 2973 1406 3026 mox
1428 2952 1581 3044 incidas,

425 3051 494 3126 erit
517 3047 612 3144 quod
633 3046 859 3144 summopere·
877 3049 996 3124 mirer.
1020 3045 1074 3119 Ex
1090 3047 1283 3127 Medorum
1301 3051 1396 3126 enim
1413 3049 1583 3139 historia,

426 3150 525 3240 cujus
546 3144 715 3222 summam
730 3145 831 3236 supra
845 3144 988 3224 stristim
1004 3143 1171 3238 exhibui,
1197 3152 1257 3244 qui
1273 3147 1474 3236 resciverit,
1498 3149 1581 3224 Pha-

427 3263 545 3321 ortem
567 3241 732 3318 devicisse
757 3241 895 3340 Persas,
929 3245 1125 3340 Cyaxarem
1149 3245 1353 3344 rAsprios,
1388 3247 1583 3322 &Darium

427 3344 577 3419 Medum
606 3341 823 3440 Babylonios,-
861 3357 933 3417 tres
959 3343 1133 3437 populos,
1167 3345 1359 3420 Medorum
1387 3343 1585 3424 dominatui

426 3443 620 3525 obnoxios,
656 3441 738 3535 quid
761 3439 901 3516 neccsse
926 3439 1090 3514 habuerit
1113 3443 1293 3538 quarere?
1318 3443 1379 3516 nih
1401 3441 1584 3534 interSap·
1628 3517 1633 3526 ,

427 3546 498 3618 alas
521 3541 554 3616 &
583 3537 700 3634 Persas
723 3539 848 3614 dubius
873 3536 945 3611 fine
959 3539 1058 3636 gravi
1072 3541 1209 3630 ratione
1228 3540 1369 3615 haereat.
1423 3539 1584 3636 Scyllam

428 3641 486 3732 qui
511 3641 546 3714 in
572 3639 726 3714 Mediam
751 3639 971 3732 irruperant,
996 3658 1143 3730 eamque
1158 3659 1222 3730 per
1239 3642 1283 3714 28
1299 3660 1411 3712 annos
1428 3638 1588 3730 depopu-

427 3737 487 3830 lati
510 3750 631 3821 erant,
665 3736 808 3828 quidem
838 3731 1073 3826 devicerunt,
1107 3738 1141 3808 δι
1168 3737 1354 3812 maximam
1377 3736 1483 3830 longe
1509 3755 1587 3828 par·

427 3849 519 3926 tem,
554 3835 717 3924 ξενίσαντες
739 3831 766 3944 ᾖ
790 3829 1068 3929 aramathaim
1089 3832 1334 3928 ιισκιιφόιειισιιν,
1369 3835 1505 3931 hospilio
1534 3851 1587 3901 aas·

1465 3941 1618 4026 capram
