3462 4770
403 413 472 508 19⁶
557 393 1389 508 orssnnrarrouns

402 598 448 674 de
469 598 606 690 impetu
620 587 820 666 irrelistiblli
842 601 940 686 agat,
972 587 1128 682 nihilque
1151 585 1195 658 de
1211 585 1374 699 longiore
1392 603 1454 664 aut
1472 589 1553 666 bre·¹

402 697 505 768 viore
533 693 718 766 duratione
741 689 891 776 lrabeat,
928 683 1000 779 ipsa
1023 707 1097 759 vox
1128 711 1242 774 napa,
1274 690 1300 757 lr
1324 687 1495 784 originem
1518 689 1555 762 dt

404 789 606 888 primariam
619 783 831 880 potestatem
846 781 1033 871 adtendas,
1058 804 1122 856 nos
1138 779 1321 854 manifeste
1338 784 1446 880 ducit.
1484 785 1552 860 Ra·

404 889 520 962 dicem
542 913 603 996 *lpfl
623 883 692 958 else
714 885 931 977 praepolluit,
958 885 1041 952 vicit
1050 926 1068 964 ,.
1087 877 1121 948 dt
1144 881 1395 970 proprietatem
1420 883 1554 958 habere

404 987 442 1157 {tn
462 997 652 1150 pangentur
676 975 1028 1168 rigorjmbobslelrvagvoit
1044 975 1297 1164 cubrscffilmeanrs
1310 977 1453 1148 clamp13
1465 1001 1552 1151 μᾶ.

467 1105 502 1156 rn
557 1099 709 1152 omma
776 1097 931 1147 o.x:
1014 1125 1023 1147 .
1265 1097 1417 1148 ramvt
1478 1099 1554 1152 ee

403 1182 474 1265 ait,
502 1178 675 1272 ςυφεκζω
696 1171 820 1246 tnvrea
842 1173 963 1242 duritie
973 1167 1131 1265 superare
1152 1168 1302 1260 aliquid,
1335 1173 1395 1244 vel
1412 1174 1552 1252 donare.

367 1305 370 1312 ·
402 1275 601 1366 Usurpatur
622 1291 764 1364 quoque
784 1267 829 1340 de
851 1268 1044 1356 bellatore,
1070 1265 1128 1358 qui
1151 1267 1271 1339 omnia
1292 1267 1327 1338 ui
1340 1267 1469 1342 invidia
1486 1295 1552 1368 op.

402 1369 613 1468 primitJou
638 1389 726 1444 xvir:
743 1387 802 1455 24·
844 1363 951 1463 Quod
966 1364 1035 1436 huc
1051 1361 1191 1458 egregie
1204 1365 1362 1457 quadrat.
1392 1368 1553 1459 Sequens

404 1489 547 1564 quoque
567 1467 727 1562 imaginis
746 1485 843 1557 pars,
870 1463 1059 1554 quaepeder'
1072 1483 1116 1532 ex
1130 1461 1206 1532 luto
1220 1459 1252 1532 dt
1267 1459 1366 1534 ferro
1381 1464 1549 1563 exhibet,
1604 1507 1613 1518 ,

403 1579 635 1660 perpetuam,
667 1561 727 1635 vel
753 1561 858 1656 louge
882 1557 1104 1648 duraturam,
1141 1555 1240 1652 regni
1266 1553 1468 1636 firmitatem
1493 1585 1551 1637 re·

403 1661 507 1738 futat.

416 1761 433 1790 ·’
454 1755 568 1846 §XL.
607 1751 706 1826 Ferri
726 1749 880 1842 denique
902 1751 1104 1839 metallum,
1137 1747 1235 1842 cujus
1258 1749 1386 1827 inflexa
1409 1753 1460 1828 est
1484 1757 1552 1830 dtr·

403 1853 522 1942 rities,
548 1852 596 1924 dt
623 1849 818 1942 precipuus
836 1848 873 1919 in
898 1849 994 1932 bello
1011 1848 1117 1936 ulus,
1158 1853 1288 1944 strupo
1315 1853 1349 1922 lt
1375 1857 1399 1958 g
1423 1854 1552 1946 ganta}

404 1954 545 2044 πολέμων
566 1943 702 2043 ἔργω,
720 1943 853 2034 ferrum
875 1967 952 2016 vero
966 1941 1008 2026 ἐξ
1022 1964 1077 2016 aas
1089 1947 1202 2016 bellica
1212 1949 1290 2034 funt
1309 1945 1547 2042 instrumenta,

400 2061 445 2119 ut
473 2045 571 2120 Plato
593 2044 706 2134 inquit
726 2039 811 2136 Leg.
836 2060 898 2113 ιιι.
918 2063 951 2133 p.
968 2045 1049 2134 956.
1074 2039 1160 2114 srcut
1175 2039 1333 2116 hostilem
1350 2046 1549 2139 impetum,

402 2143 452 2217 ita
478 2139 746 2233 insuperabilem
768 2139 862 2222 vim,
896 2159 974 2228 que
998 2159 1060 2230 per
1082 2138 1201 2210 omnia
1226 2155 1416 2230 penetrat,
1447 2143 1546 2231 redte

401 2238 579 2333 depingit,
607 2235 640 2308 dt
664 2257 712 2308 eo
734 2233 832 2307 sensu
856 2234 948 2328 apud
971 2232 1085 2306 sacros
1105 2254 1147 2304 ac
1166 2235 1324 2308 exoticos
1339 2234 1548 2330 frequentet

400 2337 599 2410 adhibetur.
643 2333 701 2407 sic
721 2331 832 2404 Mich.
857 2352 906 2404 tut
932 2351 984 2422 13.
1007 2329 1104 2427 surge
1121 2328 1164 2412 (θ’
1178 2335 1302 2402 tritura
1316 2330 1406 2406 Filia
1427 2333 1548 2432 Uien,

399 2439 478 2530 quia
499 2454 598 2505 cornu
622 2445 716 2502 tuum
733 2443 849 2523 ponam
863 2425 998 2518 ferrum
1018 2472 1089 2489 ·-·
1112 2425 1155 2508 ἐξ
1168 2443 1306 2501 comeret
1318 2436 1549 2527 popolormul·

401 2545 478 2602 trs:
503 2532 561 2601 ubi
579 2529 623 2598 de
647 2527 790 2598 heroica
811 2527 1093 2602 Maccahaeorum
1116 2523 1270 2614 virtute,
1301 2549 1444 2603 omnem
1469 2534 1548 2610 vim

400 2624 565 2698 hostilem
588 2621 795 2716 frangente,
838 2622 962 2714 agitur.
1025 2619 1197 2694 Videatur
1219 2621 1343 2711 etiam,
1376 2649 1426 2698 ne
1444 2629 1546 2719 plura

400 2721 530 2801 citent,
557 2717 627 2808 Jer.
650 2739 707 2788 xv:
734 2736 789 2790 η.
811 2737 973 2789 necnon
995 2715 1043 2788 Pl.
1070 2739 1111 2789 n:
1136 2741 1170 2808 9.
1197 2720 1260 2795 uiri,
1273 2719 1401 2796 uterne
1414 2727 1546 2802 eodem

402 2814 512 2900 scopo
535 2818 635 2906 uirga
657 2810 796 2901 ferrea,
830 2834 898 2904 qua
921 2809 1037 2885 hostes
1059 2813 1302 2911 confringeret
1328 2815 1432 2906 ludar
1454 2821 1551 2915 oafit

393 2907 534 3006 figlini,
564 2909 783 2981 adtribuitur.
832 2909 940 3000 Apud
962 2908 1149 2986 Theocrie
1175 2913 1277 3006 ldyll.
1292 2937 1353 2990 aa.
1372 2914 1460 2992 vers.
1480 2939 1547 3013 47.

400 3005 566 3082 terribilis
580 3005 730 3077 bellator
744 3002 892 3080 dicitur:
1161 3002 1169 3014 “

495 3177 588 3267 zapti
613 3171 762 3268 erdrgiur,
783 3165 994 3270 repperitur&
1008 3177 1057 3245 αἷσι
1070 3173 1226 3256 tancrede.

494 3331 742 3428 Geraestum,
771 3333 865 3433 quast
874 3340 1001 3410 malleis
1014 3334 1205 3429 fabricatur
1221 3339 1363 3440 colrffirr.

396 3509 494 3602 quod
514 3531 533 3581 a
556 3507 665 3600 scopo
691 3527 766 3580 non
789 3522 865 3580 erat
887 3505 1063 3596 alienum,
1087 3523 1127 3580 ut
1149 3511 1326 3604 necquod
1341 3513 1544 3588 civitasdel·

397 3606 492 3694 lirosa
521 3605 554 3678 dt
592 3603 702 3702 rigida
730 3625 809 3676 curn
833 3599 933 3693 ferro
952 3621 1177 3696 comparetur
1200 3611 1293 3700 apud
1319 3611 1405 3684 Plut.
1429 3611 1544 3688 Num.

395 3721 473 3796 pag.
497 3705 551 3787 64.
580 3699 613 3771 dr
636 3705 754 3793 gravit
773 3713 946 3772 ornatura
965 3721 1046 3773 cum
1069 3725 1158 3773 muro
1174 3701 1327 3792 ferrera
1350 3705 1478 3804 Veget.
1498 3729 1541 3784 tt:

398 3815 454 3910 tp.
505 3795 608 3869 Plura
634 3800 670 3869 in
685 3817 724 3866 te
741 3811 824 3870 nota
837 3795 1018 3888 &ubique
1034 3797 1142 3870 obvia
1157 3799 1273 3874 citali'e
1290 3803 1378 3876 nihil
1390 3804 1540 3880 adtinet.

398 3893 401 3898 ’
431 3895 464 3984 ·§
483 3891 577 3968 XLI.
600 3889 697 3992 Quid
719 3892 791 3967 hoc
812 3891 1020 3970 emblemate
1044 3897 1155 3989 aptius
1180 3897 1217 3976 in
1239 3898 1480 3976 Macedonum
1505 3901 1547 3976 m

1388 3997 1540 4077 Alexae·
