3444 4778
420 420 495 514 m
660 389 1410 496 annaneanras

424 621 556 704 genere
584 598 721 674 rraoum
747 597 940 672 littoralem
961 614 1002 667 ac
1023 591 1269 681 maritimum,
1309 594 1572 692 regionesque,

451 723 510 773 uas
524 720 620 774 mare
636 697 755 784 alluit,
781 697 839 768 vel
852 692 1031 779 interluit,
1051 694 1087 764 in
1102 689 1216 785 specie
1234 689 1360 766 insulas
1377 693 1435 766 vel
1449 695 1575 787 penin-

424 723 535 885 palas,
567 792 801 890 specialiffime
821 793 923 867 maris
945 789 1196 864 mediterranei
1220 787 1368 876 troilus,
1402 793 1437 866 dt
1460 791 1575 868 Euro.

428 915 481 992 pae
496 895 681 994 regiones,
697 891 854 966 denotat.
881 891 939 964 De
955 910 1026 982 quo
1042 886 1103 960 ulu
1118 885 1198 960 Viri
1214 884 1339 978 Dedi,
1355 881 1383 960 F
1385 887 1522 964 ellelius
1535 929 1573 983 a,

429 991 587 1066 Clericus
603 1003 640 1084 b,
666 991 830 1085 Vitringa
843 1023 877 1077 c,
903 985 1011 1059 &alii
1027 982 1215 1058 neccffaria
1229 984 1450 1078 scripserunt.
1501 990 1575 1062 De.

427 1087 610 1186 dignantur
631 1087 840 1184 larsalaram,
873 1085 908 1156 oa
928 1083 1110 1178 infulatam
1131 1086 1234 1155 maris
1258 1085 1426 1174 nomine,
1459 1088 1576 1162 latiare

356 1255 359 1262 ,
429 1187 472 1271 &²
491 1191 692 1284 generaliore
703 1184 822 1281 serasar,
856 1182 975 1278 inquit
992 1179 1047 1254 Cl.
1068 1180 1341 1255 Commentator
1360 1193 1397 1271 d,
1431 1189 1577 1278 regiones

426 1307 559 1373 amnes,
585 1283 755 1357 Canariae
780 1281 1024 1366 occidentales,
1076 1301 1161 1350 aaa
1179 1283 1263 1351 mari
1283 1279 1515 1370 adoriantur,
1543 1288 1579 1356 ia

426 1385 541 1481 quibas
565 1379 648 1475 Asta
668 1379 808 1472 inferior
823 1391 911 1466 tota,
936 1399 1033 1473 quant
1087 1390 1186 1448 eteros
1199 1389 1237 1448 at
1248 1373 1451 1470 peninsulam
1454 1375 1580 1474 spa-ila-

426 1485 459 1552 ri
482 1484 677 1569 voluerunt,
704 1478 854 1566 Gracia,
880 1473 1004 1562 Italia,
1030 1472 1167 1562 Gallia,
1194 1470 1382 1568 Hispania,
1400 1473 1444 1556 ἐξ
1459 1483 1494 1548 in
1509 1483 1581 1550 arai·

427 1576 556 1670 erasum
581 1575 717 1674 Europa
739 1589 826 1664 tata,
852 1595 920 1670 qao
941 1575 1027 1644 mari
1046 1571 1288 1660 circumdatur,
1315 1593 1386 1644 com
1404 1570 1522 1668 insulis
1538 1574 1581 1659 &⁹

421 1675 625 1770 paainsttlis,
652 1697 721 1771 qtae
744 1678 797 1746 illi
820 1667 1051 1766 accensentur,
1082 1673 1246 1742 maximis.
1304 1667 1432 1744 Mosen
1454 1673 1583 1751 orbem

427 1786 602 1844 terrarum
624 1773 660 1844 in
683 1771 849 1861 terram&
866 1769 989 1860 insulas
1004 1767 1248 1853 dividentem,
1274 1763 1368 1841 Gen.
1383 1787 1418 1858 x,
1431 1789 1496 1860 per
1514 1784 1580 1843 rer.

423 1886 496 1940 ram
518 1869 717 1962 intelligere
741 1866 1012 1951 continentem,
1045 1863 1162 1939 Asram
1181 1861 1416 1960 adfricans,
1437 1887 1501 1960 per
1520 1871 1574 1940 in.

414 1963 513 2058 salas
540 1985 631 2036 vero
659 1961 872 2056 Europam,
904 1961 1047 2056 egregie
1069 1961 1272 2036 observavit
1293 1959 1396 2037 lCtus
1416 1963 1574 2039 eruditus

425 2057 681 2136 Leliaschierus
711 2089 736 2134 e.
800 2060 858 2134 lid
888 2057 990 2132 hasce
1014 2055 1140 2132 insulas
1157 2057 1283 2151 faeiem
1305 2066 1424 2136 iterum
1445 2060 1577 2160 vertiffe

422 2158 575 2251 dicitur,
602 2157 743 2260 (vicem
759 2157 855 2232 eninr
870 2156 1030 2232 iteratam
1047 2158 1196 2232 verbam
1219 2158 1360 2245 ara‚hic
1379 2181 1453 2234 non
1468 2161 1574 2236 omit·

421 2255 588 2347 tendam,
614 2253 907 2352 comprehendit)
928 2275 1003 2329 non
1025 2253 1098 2330 fine
1121 2255 1297 2350 emphasi,
1328 2256 1410 2350 quia
1429 2259 1575 2355 expedi·

423 2357 542 2431 tiones
565 2355 601 2432 in
627 2355 715 2430 Aoae
737 2354 912 2430 maritima
929 2353 1030 2445 loca,
1055 2351 1294 2430 &Thraciam
1308 2353 1576 2454 Graeciamque,

421 2454 638 2547 interruptas
660 2475 724 2547 per
747 2453 823 2544 ejus
846 2451 999 2524 reditum
1025 2451 1062 2526 in
1082 2451 1237 2542 Syriam,
1270 2452 1483 2548 nuptiasque
1496 2451 1576 2532 filia

422 2571 507 2626 curn
528 2551 743 2638 Ptolemaeo,
768 2569 864 2623 nunc
888 2547 1047 2622 resumsit
1061 2548 1288 2638 Antiochus,
1314 2571 1360 2626 eo
1374 2549 1506 2646 scopa,
1532 2569 1574 2631 ut

419 2647 562 2744 imperii
583 2647 767 2742 pomoeria
785 2669 850 2741 per
869 2643 1041 2720 Graeciam
1069 2659 1183 2721 totam
1207 2645 1241 2722 a
1262 2646 1355 2722 ultra
1369 2652 1574 2744 ampliaret;

421 2747 661 2844 regionesque
681 2765 738 2818 eas
759 2749 860 2816 maris
880 2741 974 2838 astus
995 2740 1100 2815 instar
1117 2744 1314 2820 inundaret.
1365 2743 1483 2846 Quam
1500 2749 1572 2826 vim

421 2838 573 2935 phrasis,
599 2855 725 2914 vertere
740 2837 889 2930 faeiem,
925 2859 1007 2911 vera
1027 2837 1087 2913 sua
1110 2841 1261 2936 emphah
1283 2845 1466 2932 continet,
1492 2867 1569 2938 que

419 2939 480 3015 hic
506 2959 580 3012 non
603 2954 680 3010 erat
693 2937 912 3034 negligenda.
963 2935 1124 3016 Verbum
1139 2959 1193 3016 na
1210 2940 1246 3014 in
1262 2942 1360 3034 aquis
1378 2944 1569 3020 exuberan-

421 3035 542 3124 tibus,
569 3055 610 3107 ac
626 3033 933 3130 effervescentibus,
959 3033 1113 3129 indeque
1127 3037 1212 3114 aestu
1228 3037 1454 3133 decrescente,
1471 3041 1569 3117 &de-

418 3144 599 3221 crescente‚
625 3153 692 3227 pro
707 3132 805 3207 vario
820 3131 934 3221 flexu,
961 3135 1148 3226 pertritum
1166 3135 1217 3210 est
1230 3138 1322 3230 apud
1336 3137 1494 3227 Arabes,
1518 3141 1571 3218 uti

421 3228 476 3303 Cl.
499 3229 684 3306 Schultens
700 3248 742 3327 f,
770 3232 918 3326 eiusque
933 3229 1127 3327 Discipuli,
1162 3234 1351 3310 -Hackroan
1371 3259 1394 3317 a
1417 3239 1452 3314 δι
1472 3237 1571 3334 Kuy·

418 3349 501 3424 pers
525 3327 572 3421 b,
610 3330 648 3404 in
681 3332 796 3404 lucem
821 3346 1080 3426 protraxerunt.
1140 3331 1222 3406 Vox
1244 3354 1333 3406 vero
1360 3359 1423 3408 nna
1438 3333 1570 3428 facies,-

418 3429 566 3518 vallus,
600 3427 745 3504 subinde
768 3427 983 3523 instantiam,
1016 3427 1059 3511 Β
1083 3435 1236 3526 impetam
1261 3435 1478 3528 cujuscunque
1503 3442 1573 3528 rei,

417 3533 612 3626 copiarum,
640 3551 808 3624 equarum,
844 3532 938 3604 venti
957 3549 1075 3624 qaoque
1096 3529 1315 3604 vehementius
1336 3534 1574 3624 incumbentis,

1508 3653 1565 3709 nto

456 3805 573 3868 aAdv.
595 3821 624 3882 p.
649 3821 693 3868 11.
715 3822 744 3882 p.
767 3820 834 3879 320.
936 3805 1010 3870 bad
1030 3805 1105 3868 Gen
1131 3823 1156 3867 r.
1257 3805 1328 3868 aad
1348 3805 1403 3885 Jcs.
1424 3825 1473 3872 xx:
1498 3825 1526 3888 ς.

435 3885 476 3959 ;d
497 3885 532 3943 ad
553 3885 607 3962 Jes.
629 3901 677 3944 xr:
703 3903 747 3945 11.
769 3903 797 3961 p.
821 3901 889 3959 350.
992 3887 1061 3946 ein
1082 3883 1226 3964 opusculis
1248 3903 1277 3962 p.
1300 3903 1341 3945 11.
1364 3905 1393 3963 p.
1416 3905 1463 3962 23.

443 3959 471 4036 f
489 3959 523 4016 ad
543 3963 686 4036 Excerpta
706 3981 742 4022 ex
763 3965 891 4038 Ispahan.
909 3979 939 4039 p.
956 3971 984 4025 6.
1103 3985 1126 4042 g
1146 3965 1260 4029 Praecid.
1284 3965 1312 4028 S.
1330 3983 1358 4044 p.
1377 3971 1445 4031 126.

452 4037 475 4099 ir
494 4037 570 4100 Disi-
587 4037 678 4102 Acad.
692 4047 730 4102 ad
748 4042 827 4104 vata
840 4041 879 4105 V.
899 4043 940 4104 Τ.
961 4043 1025 4103 loca
1043 4057 1139 4124 pepp.
