3462 4792
259 482 295 506 „
354 421 360 431 ’
427 444 497 523 geo
590 389 1400 536 DJSSERTATIONES'

431 631 573 686 mecum
599 607 732 682 foedere
746 599 963 700 conjunctis.
1020 603 1079 678 De
1108 621 1211 696 quo,
1251 601 1394 680 &loco
1416 603 1570 700 Micha,

427 710 520 781 alias.

476 809 507 894 §.
530 801 643 876 xvrt.
693 795 728 876 b.
755 801 835 874 Hoc
851 795 1043 892 praemiss'o‚
1056 801 1210 869 ‘rationes
1226 797 1310 870 mihi
1328 800 1409 874 sunt
1423 800 1564 894 dandae,

424 921 658 996 quore‚·cum
680 902 765 991 tapes
786 919 859 969 non
881 894 990 970 fuerit
1006 893 1106 966 causa
1120 891 1273 966 efficiens
1292 898 1408 970 totalis
1424 899 1567 975 illoram

426 1019 617 1094 regnorum
644 991 907 1079 destructionis,
948 996 981 1064 ei
1004 1009 1121 1064 tamen
1146 991 1202 1062 hic
1224 989 1371 1065 effectus
1391 995 1427 1066 in
1450 993 1566 1086 specie

424 1091 668 1168 adtribuatur?
695 1089 774 1188 Qua
796 1111 853 1179 urn
890 1109 918 1161 r.
930 1093 1070 1182 primam
1089 1107 1131 1158 ex
1146 1107 1191 1158 eo
1206 1107 1312 1178 peto,
1338 1091 1433 1182 quod
1447 1093 1565 1184 lapidis

378 1217 382 1226 ’
425 1193 579 1283 impetos
602 1189 739 1260 initium
761 1185 910 1272 fecerit,
950 1182 1119 1257 clafficum
1142 1182 1232 1274 quali
1254 1186 1445 1274 cecinerit,
1479 1209 1563 1278 epo·

425 1289 527 1360 cham
544 1283 680 1371 fixerit,
707 1281 839 1378 srgnum
854 1281 1005 1374 denique
1021 1277 1150 1367 fuerit',
1168 1281 1330 1354 notabilis
1345 1281 1446 1372 hujus
1458 1304 1568 1358 even=

426 1399 494 1458 tus.
546 1381 598 1455 Ex
621 1402 692 1472 quo
715 1381 809 1453 enim
835 1380 1025 1452 nlaccabaei
1045 1374 1115 1449 sese
1138 1397 1322 1468 opponere
1340 1379 1568 1469 Syro-Mace·

425 1481 598 1566 donibus,
622 1481 819 1566 eorumque
845 1475 1031 1565 imperium
1047 1474 1081 1546 in
1100 1473 1238 1565 Judaeos
1254 1475 1288 1547 δι
1303 1473 1439 1549 vicinos
1453 1499 1566 1570 popu.

424 1575 478 1648 los
500 1590 714 1659 conterere,
749 1587 954 1662 coeperunt,
993 1571 1027 1641 &
1054 1569 1140 1640 illud
1164 1590 1331 1663 regnum,
1364 1571 1485 1645 &alia
1504 1593 1568 1665 per

425 1669 541 1744 Asram
558 1671 592 1742 δι
615 1667 807 1766 AEgyptum
823 1666 863 1736 ad
879 1665 1059 1738 interitum
1075 1685 1223 1766 vergere
1240 1668 1472 1759 inceperunt,
1497 1671 1570 1752 viat

450 1789 493 1840 ue
512 1766 555 1840 ad
572 1761 815 1850 Monarcltimn
833 1759 1193 1848 Romanammaxime
1209 1759 1261 1832 est
1277 1760 1392 1844 strata.
1443 1765 1565 1838 Mace·

425 1789 557 1934 ionico
593 1881 705 1952 regno
733 1853 929 1943 destructo,
967 1857 1062 1948 qnod
1092 1860 1185 1929 circa
1208 1876 1369 1952 tempora
1390 1857 1564 1948 Antiochi

424 1955 615 2050 Epiphanis
637 1953 767 2030 factum
790 1950 860 2038 est',
885 1949 1059 2046 Imperium
1082 1957 1349 2027 orbis-terrarum
1360 1971 1455 2050 penes
1467 1972 1566 2054 popu·

424 2056 494 2128 tum
523 2051 705 2123 Romanum
721 2047 792 2143 strae
812 2045 1027 2136 controverfia
1046 2045 1138 2140 flare
1164 2053 1356 2140 videbatur,
1394 2071 1435 2128 ut
1455 2051 1565 2130 estin

423 2147 593 2242 Excerpt.
624 2147 746 2238 Polyb.
774 2143 889 2217 Vales.
917 2167 950 2236 p.
978 2166 1055 2238 153·
1104 2145 1256 2220 Romani
1277 2169 1386 2235 vero,
1412 2171 1485 2223 non
1501 2150 1567 2240 nist,

313 2257 317 2264 ’
426 2245 637 2346 Carthagine
666 2241 825 2330 devitta,
859 2263 983 2342 manus
1005 2239 1041 2314 in
1064 2244 1211 2334 reliquas
1234 2246 1331 2317 orbis
1355 2263 1470 2337 partes
1492 2245 1563 2322 aufi

423 2342 504 2418 sunt
526 2342 728 2442 porrigere,
754 2340 788 2413 δι
818 2359 899 2412 cum
920 2339 959 2410 in
980 2338 1148 2412 Graeciam
1174 2356 1248 2413 tum
1270 2341 1307 2413 in
1327 2339 1494 2416 Afiaticas
1509 2366 1564 2418 re.

449 2444 548 2526 iones
570 2441 746 2512 exercitus
769 2437 1025 2520 transmittere,
1053 2453 1091 2506 ut
1114 2436 1233 2527 Polyb.
1256 2438 1329 2510 lsr.
1345 2459 1376 2512 c.
1393 2461 1426 2532 3.
1445 2440 1565 2517 tradit.

423 2463 613 2610 ssebellato
638 2545 756 2607 autem
778 2554 888 2627 regno
915 2531 1151 2604 Macedonico
1166 2527 1296 2626 summa
1319 2557 1427 2608 rerum
1443 2527 1569 2610 arno:

259 2713 262 2731 ¹
423 2655 533 2706 manos
555 2635 755 2714 inclinabat,
774 2627 918 2700 Eodem
941 2624 1029 2698 teste
1044 2627 1079 2700 in
1096 2627 1263 2722 Excerpt.
1281 2631 1384 2728 legat.
1402 2653 1433 2704 c.
1448 2655 1507 2723 94.
1529 2657 1565 2725 ρ.

314 2785 321 2802 .
388 2773 405 2802 .
430 2731 533 2818 1284.
583 2727 716 2798 Seneca
735 2725 827 2812 apud
849 2721 1005 2795 tactam.
1031 2722 1138 2796 instit.
1162 2726 1182 2796 l.
1207 2748 1274 2799 vn:
1295 2747 1326 2800 c.
1355 2749 1367 2798 ι
1375 2750 1408 2818 5.
1433 2730 1568 2802 abeilo

424 2823 559 2896 Punico
582 2819 734 2892 secundo
759 2813 863 2890 finito
889 2819 977 2891 hanc
998 2821 1170 2911 epocham
1191 2825 1344 2912 repetit,
1379 2825 1438 2896 ubi
1459 2825 1563 2901 dicit:

418 2915 554 3014 sublata
577 2923 661 2989 enim
683 2914 906 3008 Cartbagine,
940 2937 1008 3009 qum
1030 2931 1097 2988 ram
1120 2919 1314 2990 ainamma
1339 2917 1480 2993 Romani
1500 2917 1567 2994 lm·

424 3020 509 3112 perii
524 3007 620 3103 frit,
645 3007 844 3104 manussuas
863 3015 1015 3083 iratorum
1031 3016 1133 3086 orbem
1150 3031 1238 3088 terro
1254 3022 1396 3110 marique
1410 3023 1570 3111 porrexit.

428 3111 582 3208 Primam
601 3131 690 3182 vero
706 3107 889 3203 Regnum,
915 3108 1010 3198 quod
1025 3113 1190 3196 evanuit,
1217 3112 1284 3184 fuit
1303 3113 1571 3204 Macedonicum,

404 3226 592 3300 ¹tempore
617 3204 784 3278 Antiochi
810 3203 1002 3298 Epiphanis
1024 3227 1042 3278 a
1071 3205 1238 3282 Romanis
1253 3207 1449 3300 subaCtum3
1474 3210 1576 3304 quod

428 3307 493 3379 aia
507 3303 664 3376 Orientis
687 3323 794 3398 regna
815 3302 941 3373 deinde
966 3300 1044 3376 sunt
1060 3305 1184 3377 ordine
1204 3307 1265 3378 ίίιο
1288 3306 1419 3381 secuta:
1447 3329 1503 3381 ex.
1518 3331 1572 3404 gr.

428 3400 667 3485 Battrianum,
693 3414 854 3491 tempore
875 3398 1024 3472 Simonis
1049 3399 1276 3490 Etirnarchae,
1303 3401 1396 3478 ceffit
1412 3405 1576 3496 Parthis;

428 3497 682 3594 Pergamenum
706 3495 872 3570 Romanis
898 3494 959 3568 sub
984 3493 1064 3588 Joh.
1092 3498 1279 3587 Hyrcan03
1306 3499 1478 3590 Bithynia
1498 3515 1575 3598 reg-

428 3617 512 3668 num
529 3593 590 3667 iub
609 3593 801 3684 Dompej03
827 3591 968 3683 q‘uando
984 3594 1016 3664 δι
1035 3593 1218 3667 Ponticum
1233 3593 1380 3670 fractum
1398 3595 1468 3678 est,
1490 3596 1575 3671 Pro·
1699 3617 1702 3625 “

390 3753 394 3761 .
428 3692 546 3763 vincia
573 3690 634 3768 sub
663 3691 809 3762 Nerone
838 3685 937 3760 rana.
997 3686 1227 3780 Cappadociae
1261 3713 1406 3786 regnum
1436 3695 1575 3786 prolap.

429 3783 504 3858 sum
527 3785 575 3856 cst
599 3785 659 3859 sub
683 3784 864 3869 Antonio,
896 3783 1084 3858 Provincia
1107 3787 1167 3860 sub
1186 3786 1334 3860 Tiberio
1348 3787 1489 3862 facium.
1514 3791 1576 3864 Se·

428 3881 643 3959 leucidarum
672 3902 759 3956 vero
783 3879 915 3954 abhoc
937 3895 1103 3977 tempore
1126 3881 1353 3974 concuffum,
1386 3907 1446 3962 nu
1463 3887 1574 3978 risque

593 4001 599 4012 “
682 4011 685 4018 ·
1482 4000 1578 4058 inte·
