3456 4784
389 473 453 524 ao
527 447 569 526 D'
613 451 646 528 A
695 447 743 530 N.
818 453 886 531 xii
931 451 1016 552 7--9,
1200 478 1275 551 439

92 642 97 648 '
136 643 205 716 ret,
230 627 334 702 vtum
355 633 486 724 prelio,
513 653 575 704 uon
597 634 697 702 multo
720 649 815 726 quam
827 631 896 728 poli
917 633 1133 730 naufragium
1148 637 1278 706 cornito·

136 733 198 800 tior
228 727 347 823 (cujus
378 727 486 800 modo
515 729 725 802 meminerat
751 729 953 828 historicus)
984 736 1127 826 trepidus
1159 732 1278 802 Arctio-

136 829 237 897 chr'om
262 821 422 919 confugit.
474 825 594 900 Ovum
617 849 691 900 ovo
712 850 784 900 non
809 827 860 900 est
883 827 1045 919 fimilius,
1077 853 1178 921 quam
1203 828 1279 900 hec

136 925 244 994 verba
265 921 343 994 surrt
372 922 489 994 verbis
514 925 729 1014 prophetiae,
757 947 832 1017 quae
855 923 1046 1016 sequuntur
1072 927 1161 999 vers.
1179 949 1210 1016 9.
1237 921 1281 1004 ἐξ

136 1025 244 1093 ueniet
273 1026 308 1091 t'n
332 1040 466 1114 regnum
497 1027 585 1113 ragis
609 1019 748 1108 Audiri,
777 1021 819 1101 ἐξ
842 1025 957 1096 redibit
978 1029 1013 1094 in
1038 1039 1157 1094 terrant
1171 1023 1281 1117 juant.

136 1115 364 1208 Posteaquam
395 1115 619 1189 t'elieillrmam
644 1119 733 1212 regis
757 1117 875 1190 Austri
901 1121 936 1192 in
961 1142 1107 1214 regnum
1132 1121 1285 1210 Septen·

136 1215 261 1286 trionis
287 1213 575 1304 expeditionem,
601 1213 761 1308 illiusque
777 1215 927 1289 reditum
948 1217 1284 1307 triumplrabundurn
1363 1253 1366 1267 ·

9 1323 10 1332 ’
136 1331 217 1384 cum
240 1311 443 1404 ingentibus
467 1307 584 1401 spoliis
608 1311 643 1382 in
671 1312 894 1406 Aegyptum,
927 1311 1153 1405 predixisset,
1186 1311 1286 1391 simul

135 1407 388 1498 superioritatis
418 1407 450 1478 dt
480 1405 672 1480 securitatis
697 1409 801 1498 ejus,
841 1407 999 1499 respeau
1026 1411 1117 1506 regis
1140 1411 1286 1500 Septen-

136 1503 288 1592 trionis,
322 1503 543 1583 durationem
571 1503 769 1580 addidisset:
804 1503 982 1582 tedliffime
1006 1507 1038 1580 dt
1060 1507 1123 1583 suo
1146 1504 1286 1599 prorsus

134 1601 221 1674 loco
246 1599 399 1674 admettit
423 1601 629 1676 vaticinium
648 1602 691 1673 de
708 1601 1003 1693 inauspicatiffima
1018 1605 1082 1678 hae
1097 1605 1187 1700 regis
1203 1605 1287 1696 Sep-

132 1698 325 1770 tentrionis
355 1712 494 1772 tentata
505 1697 689 1772 invasione
706 1700 745 1774 in
769 1721 917 1796 regnum
941 1700 1081 1788 Austri,
1117 1723 1194 1793 quae
1214 1702 1287 1796 glo·

132 1793 265 1882 riosam
288 1798 387 1890 regni
410 1795 513 1881 hujus
534 1797 743 1888 periodum,
777 1819 880 1887 quam
904 1797 1172 1886 adfirmaverat,
1199 1797 1287 1872 nihil

134 1894 241 1987 plane
263 1893 535 1982 interturbant,
570 1892 628 1966 sed
646 1896 738 1988 regis
766 1895 1027 1986 Septentrionis
1042 1897 1159 1988 potius
1174 1894 1288 1968 fortu-

136 2011 219 2069 nam
248 1990 354 2086 magis
377 1989 549 2064 foedavit.
617 1988 752 2078 Veniet,
787 1990 872 2066 dicit
903 1993 1101 2086 Propheta,
1133 1992 1287 2079 scilieet,
1327 2077 1330 2084 y

130 2087 200 2166 se'x
224 2084 506 2180 Septentrionis,
531 2088 695 2180 proxime
717 2104 952 2170 memoratus,
983 2096 1019 2161 r'n
1047 2114 1181 2184 regnum
1202 2095 1289 2183 regis

125 2182 290 2276 ,·Austri,·
314 2183 374 2255 seu
390 2182 563 2264 hostiliter
575 2185 743 2258 Seleucus
758 2186 794 2256 in
812 2185 963 2259 ditiones
981 2185 1160 2258 Ptolemaei
1180 2183 1290 2258 Euer-

126 2283 229 2380 ⁴getis
251 2279 383 2364 irruet,
415 2279 511 2368 quod
531 2283 644 2350 verbo
669 2307 718 2352 att
742 2287 853 2351 venite
873 2283 1074 2356 involutum
1090 2281 1158 2352 ene
1177 2304 1219 2352 ex
1236 2280 1288 2353 su·

127 2376 340 2474 -perioribus
357 2375 429 2462 ,dt
455 2389 535 2446 toto
557 2373 628 2448 hoc
643 2397 742 2467 cap,
760 2376 913 2450 constat:
928 2374 1009 2471 sed,
1025 2381 1074 2450 ita
1089 2378 1218 2472 pergit,
1241 2401 1289 2449 re-

125 2478 219 2549 dibit
237 2477 274 2546 in
292 2469 538 2564 terramsuam,
556 2471 707 2558 scilieet,
725 2473 821 2544 nulla
837 2495 911 2546 non
925 2489 1061 2548 tantum
1078 2496 1115 2546 re
1132 2473 1289 2565 peratla,

137 2571 199 2646 sed
216 2571 346 2643 &eum
362 2569 496 2660 pudore
515 2569 833 2663 &elaberentur
849 2570 1060 2644 Antiochiam
1078 2569 1288 2664 confugiens,

128 2686 179 2744 ut
194 2671 307 2742 verba
323 2664 447 2759 Justini
463 2666 603 2740 habent.
646 2664 808 2740 Verbum
824 2690 910 2740 vero
927 2690 980 2742 aro
999 2670 1035 2740 in
1052 2669 1288 2742 retroattione

133 2789 222 2844 cum
248 2765 347 2838 clade
363 2763 603 2860 &ignominia
619 2784 665 2835 ex
679 2765 772 2838 bello
790 2766 978 2857 pertritum
995 2763 1056 2840 est.

129 2919 135 2928 .
189 2871 222 2954 §.
238 2860 402 2934 XXVlll.
436 2857 620 2958 Quacum
636 2876 732 2934 tanta
751 2861 829 2933 luee
843 2862 1023 2958 fulgeant,
1050 2863 1290 2955 interpretum

140 2962 270 3036 oeulos
293 2981 365 3032 non
393 2957 547 3045 feriille,
580 2958 732 3032 coinon
755 2960 889 3032 accidat
912 2960 1075 3034 mirum?
1115 2962 1289 3052 Capiunt,

141 3081 161 3132 a
183 3056 262 3131 solo
284 3054 513 3128 fidiscell'eris
531 3055 707 3148 Coccej0,
732 3057 790 3149 qui
806 3073 922 3132 tamen
938 3059 974 3130 in
991 3079 1115 3131 verum
1131 3055 1289 3144 sensum,

141 3173 182 3229 ut
206 3175 294 3232 mox
315 3153 449 3238 dicam,
475 3175 549 3224 non
568 3155 790 3247 penetrauit,
817 3153 945 3246 uersum
968 3153 1125 3228 nostrum
1148 3155 1190 3226 de
1216 3153 1290 3244 ipso

141 3274 226 3350 rege
250 3247 389 3338 Austri,
416 3270 519 3340 quem
543 3269 608 3340 pro
634 3247 788 3334 subtetlo
814 3251 1011 3342 prophetiae
1035 3252 1185 3338 habent,
1213 3270 1292 3320 ver·

131 3364 286 3438 tentes,
316 3345 358 3428 ἐξ
384 3351 420 3418 in
443 3367 578 3440 regnunt
604 3349 712 3414 venriet
733 3367 790 3416 rex
810 3345 953 3437 Austri,
987 3370 1023 3416 oc
1047 3362 1231 3418 revertetur
1256 3349 1292 3414 in

143 3461 270 3521 terram
283 3441 406 3537 suam,
443 3441 554 3525 &de
579 3439 780 3536 Euergete,
822 3464 860 3513 re
889 3441 1043 3514 feliciter
1064 3440 1221 3535 petatio,
1255 3440 1292 3511 in

144 3545 354 3641 Aegyptum
377 3539 554 3627 rediture,
602 3539 905 3630 interpretantur,
946 3536 1016 3610 five
1049 3561 1115 3631 pro
1149 3534 1294 3630 clatrsnlo

146 3643 231 3716 belli
258 3637 366 3713 modo
387 3635 548 3729 descripti
573 3635 762 3725 habeatur,
797 3637 867 3710 hoc
884 3635 1005 3723 sensu,
1032 3641 1141 3707 veniet
1163 3640 1199 3706 in
1223 3655 1294 3727 reg-

150 3763 229 3812 num
257 3736 362 3830 Syria
385 3736 417 3807 ἃ
432 3735 621 3827 occupabit
636 3783 647 3821 ,
673 3754 788 3825 eoque
806 3731 896 3806 fatto
913 3749 1034 3806 terram
1045 3732 1137 3820 suurn
1150 3745 1294 3824 reperet,

141 3835 222 3909 ‚five
244 3835 367 3905 reditus
390 3831 566 3906 Ptolemaei
590 3832 625 3903 in
649 3829 852 3927 Aegyptum
872 3848 951 3904 toto
972 3829 1076 3904 versu
1097 3828 1297 3921 fimpliciter

148 3929 443 4032 representatur,
477 3929 510 4003 bt
534 3933 644 4004 uenire
665 3934 701 4003 in
722 3951 857 4026 ragnum
879 3929 973 4010 idem
995 3929 1056 4022 lit,
1082 3951 1123 4003 ac
1143 3929 1244 4002 redire
1261 3931 1297 3998 r'n

1178 4041 1298 4100 birram
1418 4049 1420 4054 '
