3444 4778
400 347 473 438 ,oo
575 326 1394 414 connrurnnros

405 517 498 594 haud
519 541 587 592 una
612 517 704 592 ratio
718 516 863 590 evincit
919 520 950 591 ι’.
973 515 1067 614 Quia
1083 520 1196 588 venire
1212 527 1300 588 tune
1314 510 1473 588 absolute
1490 511 1551 589 stu·

406 637 481 702 ret,
506 637 574 692 nec
595 615 749 688 additum
764 615 929 700 haberet,
954 637 1012 710 quo
1032 615 1191 700 veniret,
1212 612 1329 714 quidve
1344 611 1549 687 invaderet:

406 713 505 806 quod
527 711 659 799 abesse,
694 709 766 784 fine
788 713 886 806 gravi
907 711 1016 801 vitio,
1041 731 1116 785 non
1139 707 1264 802 posset.
1316 729 1348 781 o.
1364 707 1459 806 Quia
1474 731 1553 782 ver·

407 813 512 897 bum,
540 837 616 898 nis,
641 813 774 895 uenire,
800 829 881 880 cum
899 833 915 880 ι
935 813 971 880 in
985 807 1246 894 construdlum,
1264 803 1465 896 objectum,
1481 828 1554 898 quo

403 907 587 994 tenditur,
613 903 722 991 solet,
742 906 863 998 utique
885 906 955 980 hoc
968 905 1076 998 capfa
1092 901 1317 988 constanter,
1334 903 1553 995 exprimere:

408 1017 546 1078 tantum
571 999 666 1074 abest
689 1021 814 1074 verum
830 999 920 1091 else,
947 1003 1040 1094 quod
1055 1001 1209 1094 Gejerus
1223 999 1397 1092 opponit,
1423 991 1556 1077 dietum

403 1117 496 1174 tunc
510 1101 629 1191 potius
649 1120 695 1171 ex
709 1097 770 1173 usu
786 1099 911 1194 linguae
925 1097 1027 1171 fuisse
1045 1105 1150 1203 qpnh,
1177 1119 1283 1190 quam
1306 1122 1345 1204 «p
1369 1122 1399 1170 u
1426 1117 1467 1189 3.
1481 1094 1556 1171 Du·

406 1219 466 1284 ra,
492 1217 559 1268 nec
585 1195 753 1284 ferenda,
778 1195 905 1288 phrafis
928 1193 997 1284 est,
1018 1211 1134 1292 ponere
1151 1197 1282 1267 uultum
1300 1191 1342 1264 ad
1360 1194 1558 1268 ueniendum

406 1315 481 1367 curn
509 1297 615 1366 robore
636 1297 757 1387 regni,
793 1313 874 1366 cum
895 1297 1028 1366 uultum
1042 1307 1164 1461 genere
1187 1289 1312 1363 hostile
1334 1289 1556 1382 propositum

406 1387 541 1487 signet,
566 1389 676 1463 &hic
695 1390 797 1483 plane
819 1389 916 1464 foret
939 1392 1042 1483 super
1069 1410 1171 1478 uum;
1198 1386 1334 1460 dixisset
1348 1387 1488 1478 potius,
1513 1385 1559 1470 δ’
1637 1469 1640 1472 ,

406 1493 519 1560 ueniet
539 1511 613 1561 rum
632 1489 750 1560 robore.
799 1510 836 1579 4.
861 1487 941 1560 Nec
965 1489 1115 1582 denique
1137 1485 1324 1570 incusum,
1351 1483 1394 1554 de
1412 1505 1484 1574 quo
1501 1485 1560 1558 hic

407 1586 546 1681 agitur,
572 1607 643 1678 quo
666 1581 771 1658 filiam
792 1584 886 1660 suam
905 1583 1042 1659 solenni
1054 1605 1185 1678 pompa
1201 1581 1343 1657 tradidit
1356 1579 1561 1656 Antiochus

410 1681 625 1769 Ptolemae0,
653 1681 817 1774 quadrat,
838 1683 1058 1758 Antiochum
1074 1686 1248 1753 cumomni
1264 1683 1358 1774 regni
1374 1681 1481 1749 robore
1499 1699 1560 1752 ve·

409 1777 518 1865 nisse,
542 1799 648 1869 quern
663 1800 731 1852 nec
749 1781 854 1854 talem
871 1801 1042 1872 unquam,
1064 1775 1142 1872 post
1155 1778 1304 1869 Scopam
1318 1775 1556 1865 debellatum,

409 1873 593 1967 suscepisse
617 1876 881 1967 expeditionem
902 1879 1061 1973 legimus.
1104 1895 1147 1965 5.
1171 1874 1343 1959 Accedit,
1368 1873 1556 1950 relativum

411 1972 503 2067 ojus,
527 1969 564 2044 in
587 1972 735 2047 vocibus
757 1973 800 2045 ad
823 1975 933 2046 robur
954 1975 1048 2068 regni
1062 1971 1150 2068 ejus,
1177 1969 1302 2046 restius
1318 1969 1361 2043 ud
1375 1968 1559 2070 Ptplemae·

411 2087 473 2142 um
489 2065 638 2158 referri,
663 2071 743 2163 quia
765 2070 808 2142 src
825 2091 888 2162 per
902 2085 1018 2144 totum
1038 2067 1115 2141 sere
1130 2069 1267 2142 versum
1287 2066 1338 2144 fit.

458 2169 491 2255 ᾗ.
508 2164 597 2243 Llll.
625 2164 861 2262 lntelligamus
877 2167 993 2261 itaque
1010 2187 1072 2261 per
1088 2167 1184 2238 robur
1199 2172 1296 2262 regni
1311 2187 1401 2260 ejus,
1427 2163 1560 2243 scilicet

410 2279 502 2360 regis
525 2261 663 2352 Austri,
689 2265 788 2357 cujus
813 2263 903 2338 vers.
930 2285 984 2354 15.
1010 2263 1145 2336 mentio
1168 2262 1284 2337 fuerat
1306 2261 1426 2355 faur,
1450 2261 1560 2357 ipsam

411 2363 637 2457 Aegyptum,
664 2381 811 2457 regnum
833 2361 1060 2454 originarium
1077 2359 1376 2450 Ptolemaeorum,
1400 2360 1560 2436 &totius

408 2457 575 2550 imperii,
615 2477 719 2548 quarn
740 2458 810 2528 late
835 2457 970 2547 diffusr,
1004 2455 1122 2530 sedern
1144 2481 1185 2530 ac
1205 2481 1333 2531 arcem.
1384 2453 1441 2530 Ex
1464 2480 1558 2550 quo,

412 2574 519 2648 quare
550 2573 625 2626 non
646 2557 682 2625 in
708 2577 843 2647 regnum
866 2555 964 2648 ejus,
998 2551 1062 2626 ¹sed
1081 2557 1177 2638 robur
1195 2562 1289 2651 regni
1310 2561 1411 2627 totius
1432 2556 1560 2629 dixerit

410 2650 605 2744 propheta,
637 2647 819 2725 manifeste
843 2650 989 2724 constat.
1040 2650 1240 2726 Antiochus
1262 2651 1356 2726 enim
1374 2653 1446 2744 jam
1463 2669 1560 2726 tene·

411 2749 472 2820 bat
503 2745 695 2839 precipuas
716 2747 815 2844 regni
838 2745 1049 2842 Aegyptiaci
1069 2749 1233 2844 regiones
1254 2769 1392 2823 exteras
1413 2769 1477 2842 per
1494 2750 1557 2840 Sy·

411 2842 520 2927 riam,
546 2839 703 2915 Ciliciam
719 2843 751 2914 do
766 2841 880 2917 Asiam
897 2844 1073 2918 minorem
1088 2841 1232 2937 sparsas,
1259 2847 1293 2919 dc
1310 2845 1372 2940 ipsr
1389 2847 1441 2918 Ae
1466 2859 1556 2941 ypto

346 3003 347 3008 n
411 2958 509 3014 nunc
531 2937 765 3026 imminebat,
806 2953 847 3013 ut
866 2953 984 3014 totum
1005 2939 1091 3014 illud
1115 2964 1262 3040 regnum
1286 2944 1323 3016 in
1346 2868 1559 3040 potesatem

410 3033 611 3129 redigeret.l
650 3034 841 3124 Praeterea,
853 3057 934 3109 cunr
948 3057 1098 3134 regnum
1113 3040 1369 3137 Aegyptiacum
1386 3041 1456 3115 hoc
1472 3057 1558 3114 tem·

411 3151 501 3227 pore
523 3129 585 3205 sub
599 3130 842 3208 Romanorum
859 3132 947 3207 erret
961 3136 1094 3223 tutela,
1120 3157 1316 3229 eorumque
1332 3136 1408 3210 sere
1423 3140 1460 3212 in
1474 3157 1559 3229 prae·

411 3227 496 3303 lidio
529 3232 624 3302 robor
653 3229 752 3304 suum
778 3233 881 3304 unice
906 3232 1051 3306 haberet
1076 3231 1206 3324 srtum;
1238 3237 1369 3321 verba,
1401 3240 1438 3307 iu
1462 3237 1559 3306 rolur

413 3326 513 3422 regni
539 3327 646 3400 totius
669 3329 815 3416 venire,
841 3329 884 3401 de
900 3328 970 3404 hoc
985 3328 1141 3422 praesrdio
1156 3331 1334 3420 tollendo,
1361 3331 1445 3423 quid
1459 3341 1560 3413 vetat

410 3421 638 3513 intellexisse,
669 3426 729 3498 vel
753 3449 822 3500 una
846 3423 1176 3520 comprehendisse?
1200 3425 1380 3525 Quicquid
1403 3427 1465 3515 srt,
1490 3427 1559 3500 Ae·

409 3521 611 3618 gyptiacum
635 3541 782 3629 regnum
808 3525 939 3596 robore
963 3519 1026 3596 suo
1043 3523 1180 3615 privare
1198 3521 1304 3618 hostili
1320 3530 1427 3598 animo
1445 3525 1560 3598 inten-

409 3617 493 3717 disse
522 3619 770 3707 Antiochum,
810 3617 957 3712 phrasis,
991 3619 1123 3692 vultum
1141 3636 1282 3716 ponere,
1320 3645 1387 3696 nos
1414 3623 1560 3699 edocet.

408 3713 477 3790 Pro
499 3713 613 3790 hostili
634 3717 728 3792 eninr
748 3713 909 3807 adfectu,
944 3715 1126 3814 impetuve
1150 3717 1266 3796 cordis
1288 3721 1331 3796 ad
1352 3721 1556 3796 nocendum

1437 3817 1556 3896 auteo-

444 3950 464 3991 ι
482 3933 551 3994 vers.
579 3949 605 4007 7,
628 3950 656 4006 9,
679 3949 725 4010 13.
752 3949 800 4008 29,
820 3950 868 4010 30,
886 3953 940 4018 ,μ
