3418 4754
385 359 456 462 ,9⁶
559 335 1394 428 utssnnnaato‘uns

391 560 466 635 ret,
494 558 618 638 typum
633 541 665 614 dt
689 539 887 630 antitypum
903 535 1000 610 simul
1016 530 1105 628 saepe
1120 533 1356 626 confiderari,
1383 537 1466 610 &in
1483 553 1542 632 ty·

394 667 444 738 po
468 645 575 716 linc'as
599 659 740 732 quoque
764 637 817 706 rei
839 631 994 731 figuratae
1018 632 1110 704 duci.
1161 630 1270 729 Quod
1290 634 1384 709 idem
1399 637 1435 708 in
1450 639 1541 728 ejus-

394 739 492 816 modi
507 736 637 811 easibus
660 731 788 809 &fatis
803 730 866 822 fit,
892 754 968 825 quae
983 735 1143 824 exempli,
1165 734 1319 825 proludii
1342 735 1376 806 δι
1390 734 1544 829 specimi-

395 843 449 912 nis
471 835 577 909 instar
600 832 689 906 sunt.
748 829 804 902 De
825 851 896 922 quo
918 829 954 901 in
976 828 1210 901 antecedente
1228 829 1300 920 jam
1315 830 1419 922 dixi⁸¹
1451 833 1543 906 Cum

394 935 515 1027 itaque
535 928 665 1024 judicia
684 929 721 1002 in
740 923 1082 1019 Syro-Maccdonas,
1109 927 1143 998 δι
1166 923 1306 1000 hostiles
1326 928 1448 1021 populi
1473 927 1546 1000 Dei
1618 987 1624 996 .

395 1049 542 1128 gentes,
567 1030 661 1103 hunc
683 1037 807 1124 gerant
823 1018 1068 1115 conspesium,
1099 1036 1139 1094 ut
1163 1027 1183 1111 §
1205 1022 1402 1101 XXXVlll.
1428 1025 1549 1102 obser.

396 1131 454 1214 vi,
479 1127 638 1220 adeoque
659 1125 919 1214 qualescunque
934 1119 1032 1214 regni
1049 1117 1118 1189 Dei
1132 1123 1437 1216 oppugnationes,
1463 1147 1549 1216 qua.

395 1226 583 1317 liacunque
606 1220 787 1296 obstacula
807 1217 876 1290 elle
896 1215 1127 1305 eliminanda,
1154 1231 1319 1310 tanquam
1338 1221 1375 1294 in
1392 1223 1548 1317 imagine

399 1321 620 1414 &exemplo
642 1319 853 1404 exhibeant3
886 1313 1049 1410 Regnum
1071 1311 1201 1386 Meffiae
1225 1331 1390 1410 tanquam
1412 1321 1546 1416 glorio·

398 1419 474 1494 sum
488 1419 522 1492 or
535 1417 633 1492 omni
648 1431 747 1508 parte
765 1411 971 1508 prosperum
985 1432 1027 1483 ac
1042 1411 1265 1503 tranquillum
1282 1415 1546 1508 representari,

397 1517 486 1592 nihil
506 1515 613 1590 habet
627 1512 784 1586 absurdi:
809 1511 959 1585 maxime
976 1530 1057 1582 cum
1074 1513 1174 1581 initia
1190 1509 1285 1586 istius
1299 1510 1413 1611 Regni
1427 1517 1464 1589 in
1480 1515 1550 1590 Ec·

400 1612 503 1686 clesra
525 1609 731 1704 Apostolica
754 1607 889 1719 fuerint
911 1607 986 1700 ejus
1006 1607 1171 1699 praeludia
1192 1607 1226 1680 dt
1251 1606 1450 1704 specimina.
1507 1614 1551 1690 ln

318 1815 324 1822 -
399 1702 1330 1896 tlttillirstillaatllllltptltlstl}
1353 1711 1553 1900 laiht

399 1903 438 1976 in
462 1900 573 1976 oculis
596 1899 762 1986 ferebat,
803 1899 846 1972 ad
868 1919 974 1992 quem
997 1895 1170 1992 spestabat
1193 1901 1227 1973 δι
1253 1905 1441 1994 tendebat,
1476 1921 1552 1980 tan.

402 2021 506 2092 quarn
530 1995 832 2090 complementum
856 1994 975 2082 suurn,
1000 1993 1127 2071 statum
1147 1995 1262 2095 Regni
1278 1998 1403 2074 Christi
1421 2004 1554 2100 glorio·
1708 2012 1709 2023 ‘

401 2097 478 2172 sum
498 2093 599 2170 srmul
615 2093 905 2188 conspiciendum
918 2093 1146 2186 praebuerint.

452 2198 485 2280 §.
500 2190 627 2266 XLlV.
684 2213 720 2282 4.
745 2189 830 2289 Quo
860 2188 951 2282 stylo
979 2211 1039 2265 eos
1061 2213 1108 2266 eo
1128 2193 1261 2286 majore
1281 2195 1360 2286 jure
1381 2202 1437 2275 uti
1463 2201 1552 2278 fecit

402 2292 552 2386 Spiritus
568 2289 820 2383 Propheticus,
847 2289 928 2380 quia
945 2293 1033 2359 ratio
1047 2287 1079 2360 dc
1093 2289 1189 2385 causa
1203 2291 1383 2384 pleniffimi
1401 2302 1552 2396 prophe·
1581 2299 1596 2358 ἰ

401 2394 530 2466 tiarum
559 2386 802 2480 implementi,
840 2387 878 2460 in
907 2383 1139 2480 longissimum
1167 2404 1308 2482 tempus
1328 2393 1444 2485 dilati,
1483 2421 1552 2473 nec

400 2486 466 2563 nist
483 2482 562 2581 post
575 2484 686 2559 multa
701 2483 765 2555 alia
781 2480 854 2554 fata
868 2481 1079 2572 intermedia
1093 2485 1383 2580 repraesentandi,
1409 2517 1485 2569 non
1499 2491 1555 2570 so,

401 2600 460 2660 ret
480 2598 541 2656 aut
564 2581 601 2654 in
616 2579 724 2669 Deo,
748 2593 808 2653 aut
824 2577 877 2652 Re
903 2581 938 2653 ni
954 2577 1082 2652 Melhae
1095 2593 1240 2672 natura,
1263 2584 1378 2668 sedin
1397 2590 1555 2686 ipfisho-

401 2681 579 2769 minibus,
604 2677 648 2749 ad
670 2674 828 2749 Mesham
845 2601 900 2749 ad

402 2799 480 2864 rem
501 2766 704 2849 secundum·
714 2773 861 2874 primam
876 2774 946 2848 Dei
963 2776 1199 2852 intentionem
1215 2829 1227 2868 ,
1253 2779 1286 2852 or
1302 2781 1408 2875 ipsam
1424 2789 1476 2858 rei
1490 2811 1552 2862 na·

403 2888 540 2958 turam,
580 2892 621 2944 ac
647 2871 829 2962 qualitates
852 2872 1030 2964 proprias,
1064 2873 1154 2948 vivis
1179 2876 1359 2954 coloribus
1385 2883 1552 2980 depinge.

404 2992 443 3042 re
465 2967 600 3056 solent;
625 2988 736 3059 eaque
759 2967 895 3042 ratione
917 2967 1080 3065 Regnum
1099 2969 1225 3046 Christi
1242 2991 1407 3071 tanquam
1422 2982 1553 3078 glorio·

404 3065 502 3152 sum,
541 3061 726 3157 pacificum
752 3065 1025 3156 &universale‚
1062 3067 1284 3161 describunt,
1318 3079 1447 3168 partim
1471 3073 1552 3175 quia
1656 3081 1664 3093 '

403 3159 554 3238 Messrae
568 3163 623 3254 jus
636 3162 673 3236 in
689 3162 980 3256 omnes'populos
996 3165 1115 3241 datum
1132 3185 1226 3260 erat,
1253 3177 1382 3264 partim
1398 3179 1481 3270 quia
1493 3201 1553 3254 na·

404 3275 485 3335 tura
501 3259 615 3357 Regni
629 3281 685 3334 eas
700 3260 884 3352 qualitates
898 3262 1079 3358 exigebat,
1102 3268 1228 3357 partim
1244 3269 1324 3361 quia
1337 3271 1465 3366 scopus
1481 3275 1553 3351 Dei

404 3375 482 3434 erat
502 3359 570 3431 tale
594 3357 758 3454 Regnum
780 3361 817 3432 in
841 3357 962 3431 Meliia
982 3361 1180 3456 condendi,
1218 3370 1345 3460 partim
1368 3369 1553 3468 denique,
1621 3379 1627 3388 '

891 2676 1079 2766 ducendis,
1104 2682 1302 2771 quaerenda.
1352 2686 1553 2783 Prophetae

257 3534 259 3538 ,
404 3459 485 3552 quia
505 3456 574 3530 tale
596 3454 657 3528 suo
681 3475 846 3550 tempore
869 3457 974 3531 etiarn
997 3457 1173 3535 existeret.
1232 3462 1341 3562 Quod
1363 3489 1455 3544 vero
1475 3493 1553 3549 non

405 3577 488 3630 mox
518 3553 697 3628 in·lucem
722 3553 914 3646 prodierit,
948 3577 1163 3650 omnemque
1185 3557 1277 3635 suam
1300 3563 1371 3638 vim
1386 3565 1552 3643 ostende.

250 3657 253 3668 ·
402 3654 469 3739 rit,
496 3650 599 3737 Deo,
636 3652 778 3742 ejusque
801 3650 989 3748 promillis,
1029 3677 1115 3748 quae
1137 3657 1334 3751 Prophetae
1356 3665 1551 3759 exhibent,

403 3746 555 3852 nonest
578 3747 842 3841 imputandum,
873 3747 932 3822 sed
952 3755 1151 3842 hominihus,
1187 3755 1244 3827 vel
1266 3753 1371 3833 fidem
1387 3763 1421 3834 dt
1435 3764 1554 3856 subje-

404 3845 559 3926 Rionem
581 3843 722 3920 Meffiae
750 3847 958 3947 negantibus
972 3897 988 3942 ,
1025 3852 1083 3926 vel
1107 3873 1202 3946 non,
1235 3869 1274 3928 ut
1302 3872 1427 3932 natura
1447 3865 1551 4032 refini
1701 3857 1703 3867 '

1430 3973 1551 4053 pou
