<?xml version="1.0" encoding="UTF-8"?>
<!DOCTYPE html PUBLIC "-//W3C//DTD XHTML 1.0 Transitional//EN"
    "http://www.w3.org/TR/xhtml1/DTD/xhtml1-transitional.dtd">
<html xmlns="http://www.w3.org/1999/xhtml" xml:lang="en" lang="en">
 <head>
  <title>
</title>
<meta http-equiv="Content-Type" content="text/html;charset=utf-8" />
  <meta name='ocr-system' content='tesseract 3.04.00' />
  <meta name='ocr-capabilities' content='ocr_page ocr_carea ocr_par ocr_line ocrx_word'/>
</head>
<body>
  <div class='ocr_page' id='page_1' title='image "./dissertationesa00venegoog_0324.png"; bbox 0 0 3462 4792; ppageno 0'>
   <div class='ocr_carea' id='block_1_1' title="bbox 413 365 1413 526">
    <p class='ocr_par' dir='ltr' id='par_1_1' title="bbox 413 365 1413 526">
     <span class='ocr_line' id='line_1_1' title="bbox 413 365 1413 526; baseline -0.017 -22"><span class='ocrx_word' id='word_1_1' title='bbox 413 365 486 526; x_wconf 55' lang='grc' dir='ltr'><strong>μό</strong></span> <span class='ocrx_word' id='word_1_2' title='bbox 578 395 1413 497; x_wconf 72' lang='lat' dir='ltr'><strong>praeterat-tonte</strong></span> 
     </span>
    </p>
   </div>
   <div class='ocr_carea' id='block_1_2' title="bbox 405 603 1662 4064">
    <p class='ocr_par' dir='ltr' id='par_1_2' title="bbox 405 603 1662 4064">
     <span class='ocr_line' id='line_1_2' title="bbox 411 603 1566 704; baseline -0.008 -13"><span class='ocrx_word' id='word_1_3' title='bbox 411 613 470 690; x_wconf 91' lang='lat' dir='ltr'><strong>lll.</strong></span> <span class='ocrx_word' id='word_1_4' title='bbox 487 611 618 685; x_wconf 85' lang='lat' dir='ltr'><strong>Grotio</strong></span> <span class='ocrx_word' id='word_1_5' title='bbox 636 605 788 702; x_wconf 79' lang='lat' dir='ltr'><strong>placuit,</strong></span> <span class='ocrx_word' id='word_1_6' title='bbox 828 605 974 684; x_wconf 81' lang='lat' dir='ltr'><strong>Sammo</strong></span> <span class='ocrx_word' id='word_1_7' title='bbox 995 604 1086 680; x_wconf 89' lang='lat' dir='ltr'><strong>Viro</strong></span> <span class='ocrx_word' id='word_1_8' title='bbox 1109 627 1184 683; x_wconf 91' lang='lat' dir='ltr'><strong>non</strong></span> <span class='ocrx_word' id='word_1_9' title='bbox 1204 603 1325 680; x_wconf 90' lang='lat' dir='ltr'><strong>fuisset</strong></span> <span class='ocrx_word' id='word_1_10' title='bbox 1344 603 1566 704; x_wconf 82' lang='lat' dir='ltr'><strong>indignum,</strong></span> 
     </span>
     <span class='ocr_line' id='line_1_3' title="bbox 414 703 1564 801; baseline -0.005 -18"><span class='ocrx_word' id='word_1_11' title='bbox 414 711 440 783; x_wconf 87' lang='lat' dir='ltr'><strong>ll</strong></span> <span class='ocrx_word' id='word_1_12' title='bbox 462 711 554 781; x_wconf 85' lang='lat' dir='ltr'><strong>intra</strong></span> <span class='ocrx_word' id='word_1_13' title='bbox 575 708 711 801; x_wconf 82' lang='lat' dir='ltr'><strong>lapidis,</strong></span> <span class='ocrx_word' id='word_1_14' title='bbox 738 705 953 797; x_wconf 80' lang='lat' dir='ltr'><strong>&amp;judicialis</strong></span> <span class='ocrx_word' id='word_1_15' title='bbox 968 703 1167 797; x_wconf 73' lang='lat' dir='ltr'><strong>processus,</strong></span> <span class='ocrx_word' id='word_1_16' title='bbox 1193 705 1378 800; x_wconf 82' lang='lat' dir='ltr'><strong>imaginem</strong></span> <span class='ocrx_word' id='word_1_17' title='bbox 1394 709 1428 776; x_wconf 93' lang='lat' dir='ltr'><strong>le</strong></span> <span class='ocrx_word' id='word_1_18' title='bbox 1445 707 1564 780; x_wconf 86' lang='lat' dir='ltr'><strong>conti.</strong></span> 
     </span>
     <span class='ocr_line' id='line_1_4' title="bbox 415 797 1564 893; baseline -0.009 -11"><span class='ocrx_word' id='word_1_19' title='bbox 415 804 564 892; x_wconf 79' lang='lat' dir='ltr'>unisset,</span> <span class='ocrx_word' id='word_1_20' title='bbox 588 804 623 876; x_wconf 83' lang='lat' dir='ltr'><strong>dt</strong></span> <span class='ocrx_word' id='word_1_21' title='bbox 645 808 821 875; x_wconf 74' lang='lat' dir='ltr'><strong>mandrae</strong></span> <span class='ocrx_word' id='word_1_22' title='bbox 843 797 920 876; x_wconf 85' lang='lat' dir='ltr'><strong>Filii</strong></span> <span class='ocrx_word' id='word_1_23' title='bbox 942 801 1100 876; x_wconf 76' lang='lat' dir='ltr'><strong>hominia</strong></span> <span class='ocrx_word' id='word_1_24' title='bbox 1116 801 1326 876; x_wconf 86' lang='lat' dir='ltr'><strong>emblemata</strong></span> <span class='ocrx_word' id='word_1_25' title='bbox 1345 803 1389 876; x_wconf 88' lang='lat' dir='ltr'><strong>ab</strong></span> <span class='ocrx_word' id='word_1_26' title='bbox 1403 822 1449 872; x_wconf 87' lang='lat' dir='ltr'><strong>eo</strong></span> <span class='ocrx_word' id='word_1_27' title='bbox 1463 801 1564 893; x_wconf 85' lang='lat' dir='ltr'><strong>sepa·</strong></span> 
     </span>
     <span class='ocr_line' id='line_1_5' title="bbox 415 895 1563 992; baseline -0.002 -16"><span class='ocrx_word' id='word_1_28' title='bbox 415 901 548 991; x_wconf 83' lang='lat' dir='ltr'><strong>miset,</strong></span> <span class='ocrx_word' id='word_1_29' title='bbox 572 920 696 990; x_wconf 51' lang='lat' dir='ltr'><strong>¹eaque</strong></span> <span class='ocrx_word' id='word_1_30' title='bbox 726 898 770 971; x_wconf 91' lang='lat' dir='ltr'><strong>ad</strong></span> <span class='ocrx_word' id='word_1_31' title='bbox 798 917 947 992; x_wconf 87' lang='lat' dir='ltr'><strong>regnum</strong></span> <span class='ocrx_word' id='word_1_32' title='bbox 976 895 1107 972; x_wconf 85' lang='lat' dir='ltr'><strong>Melliae</strong></span> <span class='ocrx_word' id='word_1_33' title='bbox 1134 896 1295 970; x_wconf 76' lang='lat' dir='ltr'><strong>directius</strong></span> <span class='ocrx_word' id='word_1_34' title='bbox 1329 897 1563 989; x_wconf 82' lang='lat' dir='ltr'><strong>adplicuisset.</strong></span> 
     </span>
     <span class='ocr_line' id='line_1_6' title="bbox 416 990 1565 1094; baseline -0.003 -24"><span class='ocrx_word' id='word_1_35' title='bbox 416 999 532 1094; x_wconf 85' lang='lat' dir='ltr'><strong>Regni</strong></span> <span class='ocrx_word' id='word_1_36' title='bbox 552 997 667 1084; x_wconf 92' lang='lat' dir='ltr'><strong>enim,</strong></span> <span class='ocrx_word' id='word_1_37' title='bbox 691 1007 914 1089; x_wconf 71' lang='lat' dir='ltr'><strong>permaneam</strong></span> <span class='ocrx_word' id='word_1_38' title='bbox 936 993 969 1064; x_wconf 82' lang='lat' dir='ltr'><strong>dt</strong></span> <span class='ocrx_word' id='word_1_39' title='bbox 984 990 1098 1085; x_wconf 80' lang='lat' dir='ltr'><strong>filium</strong></span> <span class='ocrx_word' id='word_1_40' title='bbox 1119 994 1272 1066; x_wconf 88' lang='lat' dir='ltr'><strong>hominis</strong></span> <span class='ocrx_word' id='word_1_41' title='bbox 1297 995 1565 1086; x_wconf 83' lang='lat' dir='ltr'><strong>reprael&#39;entati,</strong></span> 
     </span>
     <span class='ocr_line' id='line_1_7' title="bbox 405 1086 1565 1182; baseline -0.001 -16"><span class='ocrx_word' id='word_1_42' title='bbox 405 1086 682 1166; x_wconf 62' lang='lat' dir='ltr'><strong>‘charatteresin</strong></span> <span class='ocrx_word' id='word_1_43' title='bbox 699 1092 899 1165; x_wconf 87' lang='lat' dir='ltr'><strong>Romanum</strong></span> <span class='ocrx_word' id='word_1_44' title='bbox 915 1090 1100 1182; x_wconf 87' lang='lat' dir='ltr'><strong>imperium</strong></span> <span class='ocrx_word' id='word_1_45' title='bbox 1114 1091 1189 1164; x_wconf 89' lang='lat' dir='ltr'><strong>non</strong></span> <span class='ocrx_word' id='word_1_46' title='bbox 1206 1089 1395 1180; x_wconf 81' lang='lat' dir='ltr'><strong>quadrant3</strong></span> <span class='ocrx_word' id='word_1_47' title='bbox 1423 1088 1484 1162; x_wconf 92' lang='lat' dir='ltr'><strong>sed</strong></span> <span class='ocrx_word' id='word_1_48' title='bbox 1498 1089 1565 1165; x_wconf 89' lang='lat' dir='ltr'><strong>soli</strong></span> 
     </span>
     <span class='ocr_line' id='line_1_8' title="bbox 421 1186 1565 1280; baseline -0.01 -17"><span class='ocrx_word' id='word_1_49' title='bbox 421 1190 566 1264; x_wconf 81' lang='lat' dir='ltr'><strong>Mesfiae&#39;</strong></span> <span class='ocrx_word' id='word_1_50' title='bbox 581 1189 814 1262; x_wconf 89' lang='lat' dir='ltr'><strong>conveniunt.</strong></span> <span class='ocrx_word' id='word_1_51' title='bbox 864 1187 906 1259; x_wconf 91' lang='lat' dir='ltr'><strong>ln</strong></span> <span class='ocrx_word' id='word_1_52' title='bbox 929 1207 1033 1280; x_wconf 90' lang='lat' dir='ltr'><strong>quam</strong></span> <span class='ocrx_word' id='word_1_53' title='bbox 1048 1186 1279 1278; x_wconf 87' lang='lat' dir='ltr'><strong>hypothesin,</strong></span> <span class='ocrx_word' id='word_1_54' title='bbox 1305 1189 1364 1260; x_wconf 88' lang='lat' dir='ltr'><strong>vix</strong></span> <span class='ocrx_word' id='word_1_55' title='bbox 1380 1186 1565 1260; x_wconf 91' lang='lat' dir='ltr'><strong>dubitave.</strong></span> 
     </span>
     <span class='ocr_line' id='line_1_9' title="bbox 418 1280 1563 1384; baseline -0.003 -24"><span class='ocrx_word' id='word_1_56' title='bbox 418 1287 505 1375; x_wconf 90' lang='lat' dir='ltr'><strong>rim,</strong></span> <span class='ocrx_word' id='word_1_57' title='bbox 531 1285 616 1379; x_wconf 89' lang='lat' dir='ltr'><strong>quin</strong></span> <span class='ocrx_word' id='word_1_58' title='bbox 638 1285 789 1384; x_wconf 85' lang='lat' dir='ltr'><strong>Magnus</strong></span> <span class='ocrx_word' id='word_1_59' title='bbox 811 1282 991 1375; x_wconf 81' lang='lat' dir='ltr'><strong>interpres</strong></span> <span class='ocrx_word' id='word_1_60' title='bbox 1014 1284 1162 1375; x_wconf 85' lang='lat' dir='ltr'><strong>pedibus</strong></span> <span class='ocrx_word' id='word_1_61' title='bbox 1186 1280 1323 1382; x_wconf 75' lang='lat' dir='ltr'><strong>ivisset,</strong></span> <span class='ocrx_word' id='word_1_62' title='bbox 1343 1284 1487 1371; x_wconf 73' lang='lat' dir='ltr'><strong>,mod0,</strong></span> <span class='ocrx_word' id='word_1_63' title='bbox 1515 1287 1563 1357; x_wconf 83' lang='lat' dir='ltr'><strong>la·</strong></span> 
     </span>
     <span class='ocr_line' id='line_1_10' title="bbox 413 1378 1566 1480; baseline 0.001 -24"><span class='ocrx_word' id='word_1_64' title='bbox 413 1387 521 1480; x_wconf 80' lang='lat' dir='ltr'><strong>pidem</strong></span> <span class='ocrx_word' id='word_1_65' title='bbox 549 1407 570 1454; x_wconf 90' lang='lat' dir='ltr'><strong>a</strong></span> <span class='ocrx_word' id='word_1_66' title='bbox 597 1397 700 1454; x_wconf 80' lang='lat' dir='ltr'><strong>monte</strong></span> <span class='ocrx_word' id='word_1_67' title='bbox 718 1379 888 1477; x_wconf 82' lang='lat' dir='ltr'><strong>‘distingui</strong></span> <span class='ocrx_word' id='word_1_68' title='bbox 916 1378 1040 1472; x_wconf 80' lang='lat' dir='ltr'><strong>polle,</strong></span> <span class='ocrx_word' id='word_1_69' title='bbox 1080 1379 1140 1471; x_wconf 86' lang='lat' dir='ltr'><strong>ipli</strong></span> <span class='ocrx_word' id='word_1_70' title='bbox 1161 1380 1197 1452; x_wconf 92' lang='lat' dir='ltr'><strong>in</strong></span> <span class='ocrx_word' id='word_1_71' title='bbox 1220 1395 1379 1454; x_wconf 86' lang='lat' dir='ltr'><strong>mentem</strong></span> <span class='ocrx_word' id='word_1_72' title='bbox 1402 1381 1566 1458; x_wconf 82' lang='lat' dir='ltr'><strong>venisset.</strong></span> 
     </span>
     <span class='ocr_line' id='line_1_11' title="bbox 418 1475 1568 1572; baseline -0.01 -19"><span class='ocrx_word' id='word_1_73' title='bbox 418 1482 500 1553; x_wconf 85' lang='lat' dir='ltr'><strong>Hoc</strong></span> <span class='ocrx_word' id='word_1_74' title='bbox 524 1479 619 1552; x_wconf 91' lang='lat' dir='ltr'><strong>enim</strong></span> <span class='ocrx_word' id='word_1_75' title='bbox 641 1499 712 1551; x_wconf 90' lang='lat' dir='ltr'><strong>non</strong></span> <span class='ocrx_word' id='word_1_76' title='bbox 734 1476 998 1564; x_wconf 87' lang='lat' dir='ltr'><strong>animadverso,</strong></span> <span class='ocrx_word' id='word_1_77' title='bbox 1027 1475 1182 1572; x_wconf 83' lang='lat' dir='ltr'><strong>&amp;lapide</strong></span> <span class='ocrx_word' id='word_1_78' title='bbox 1197 1495 1277 1550; x_wconf 90' lang='lat' dir='ltr'><strong>cum</strong></span> <span class='ocrx_word' id='word_1_79' title='bbox 1292 1490 1397 1549; x_wconf 83' lang='lat' dir='ltr'><strong>monte</strong></span> <span class='ocrx_word' id='word_1_80' title='bbox 1412 1478 1568 1570; x_wconf 84' lang='lat' dir='ltr'><strong>permix.</strong></span> 
     </span>
     <span class='ocr_line' id='line_1_12' title="bbox 418 1571 1568 1666; baseline 0 -18"><span class='ocrx_word' id='word_1_81' title='bbox 418 1591 478 1663; x_wconf 73' lang='lat' dir='ltr'><strong>to,</strong></span> <span class='ocrx_word' id='word_1_82' title='bbox 503 1574 595 1646; x_wconf 85' lang='lat' dir='ltr'><strong>aliud</strong></span> <span class='ocrx_word' id='word_1_83' title='bbox 618 1575 676 1646; x_wconf 83' lang='lat' dir='ltr'><strong>vix</strong></span> <span class='ocrx_word' id='word_1_84' title='bbox 698 1571 927 1666; x_wconf 78' lang='lat' dir='ltr'>suppetebat,</span> <span class='ocrx_word' id='word_1_85' title='bbox 958 1593 1000 1644; x_wconf 89' lang='lat' dir='ltr'><strong>ac</strong></span> <span class='ocrx_word' id='word_1_86' title='bbox 1024 1575 1119 1664; x_wconf 88' lang='lat' dir='ltr'><strong>quod</strong></span> <span class='ocrx_word' id='word_1_87' title='bbox 1143 1571 1214 1666; x_wconf 90' lang='lat' dir='ltr'><strong>ipse</strong></span> <span class='ocrx_word' id='word_1_88' title='bbox 1236 1571 1383 1650; x_wconf 87' lang='lat' dir='ltr'><strong>censuit.</strong></span> <span class='ocrx_word' id='word_1_89' title='bbox 1433 1573 1568 1648; x_wconf 81' lang='lat' dir='ltr'><strong>Meffiae</strong></span> 
     </span>
     <span class='ocr_line' id='line_1_13' title="bbox 418 1667 1569 1767; baseline 0.001 -23"><span class='ocrx_word' id='word_1_90' title='bbox 418 1674 520 1744; x_wconf 88' lang='lat' dir='ltr'><strong>enim</strong></span> <span class='ocrx_word' id='word_1_91' title='bbox 545 1689 677 1765; x_wconf 88' lang='lat' dir='ltr'><strong>regno,</strong></span> <span class='ocrx_word' id='word_1_92' title='bbox 721 1669 837 1764; x_wconf 90' lang='lat' dir='ltr'><strong>quod,</strong></span> <span class='ocrx_word' id='word_1_93' title='bbox 870 1669 1019 1744; x_wconf 86' lang='lat' dir='ltr'>durante</span> <span class='ocrx_word' id='word_1_94' title='bbox 1040 1667 1153 1767; x_wconf 76' lang='lat' dir='ltr'><strong>regno</strong></span> <span class='ocrx_word' id='word_1_95' title='bbox 1174 1669 1416 1743; x_wconf 83' lang='lat' dir='ltr'><strong>Alexandrino</strong></span> <span class='ocrx_word' id='word_1_96' title='bbox 1432 1669 1569 1745; x_wconf 84' lang='lat' dir='ltr'><strong>&amp;Suc-</strong></span> 
     </span>
     <span class='ocr_line' id='line_1_14' title="bbox 419 1762 1570 1862; baseline -0.005 -22"><span class='ocrx_word' id='word_1_97' title='bbox 419 1767 592 1848; x_wconf 84' lang='lat' dir='ltr'><strong>cessorum</strong></span> <span class='ocrx_word' id='word_1_98' title='bbox 614 1766 713 1856; x_wconf 83' lang='lat' dir='ltr'><strong>ejus,</strong></span> <span class='ocrx_word' id='word_1_99' title='bbox 739 1787 812 1839; x_wconf 89' lang='lat' dir='ltr'><strong>non</strong></span> <span class='ocrx_word' id='word_1_100' title='bbox 833 1762 884 1837; x_wconf 89' lang='lat' dir='ltr'><strong>est</strong></span> <span class='ocrx_word' id='word_1_101' title='bbox 905 1763 1081 1856; x_wconf 76' lang='lat' dir='ltr'><strong>ereetum,</strong></span> <span class='ocrx_word' id='word_1_102' title='bbox 1114 1781 1155 1840; x_wconf 90' lang='lat' dir='ltr'><strong>ut</strong></span> <span class='ocrx_word' id='word_1_103' title='bbox 1177 1766 1222 1839; x_wconf 93' lang='lat' dir='ltr'><strong>de</strong></span> <span class='ocrx_word' id='word_1_104' title='bbox 1241 1787 1354 1862; x_wconf 89' lang='lat' dir='ltr'><strong>regno</strong></span> <span class='ocrx_word' id='word_1_105' title='bbox 1367 1767 1493 1859; x_wconf 89' lang='lat' dir='ltr'><strong>quinto</strong></span> <span class='ocrx_word' id='word_1_106' title='bbox 1506 1789 1570 1842; x_wconf 84' lang='lat' dir='ltr'><strong>ex.</strong></span> 
     </span>
     <span class='ocr_line' id='line_1_15' title="bbox 419 1857 1569 1956; baseline 0.003 -21"><span class='ocrx_word' id='word_1_107' title='bbox 419 1861 511 1935; x_wconf 74' lang='lat' dir='ltr'><strong>lette</strong></span> <span class='ocrx_word' id='word_1_108' title='bbox 537 1857 666 1932; x_wconf 74' lang='lat' dir='ltr'><strong>dicitur</strong></span> <span class='ocrx_word' id='word_1_109' title='bbox 687 1881 719 1932; x_wconf 86' lang='lat' dir='ltr'><strong>c.</strong></span> <span class='ocrx_word' id='word_1_110' title='bbox 746 1882 868 1951; x_wconf 86' lang='lat'>11:44.</span> <span class='ocrx_word' id='word_1_111' title='bbox 893 1862 992 1936; x_wconf 88' lang='lat' dir='ltr'><strong>locus</strong></span> <span class='ocrx_word' id='word_1_112' title='bbox 1012 1863 1098 1938; x_wconf 84' lang='lat' dir='ltr'><strong>allus</strong></span> <span class='ocrx_word' id='word_1_113' title='bbox 1120 1862 1180 1935; x_wconf 84' lang='lat' dir='ltr'><strong>vix</strong></span> <span class='ocrx_word' id='word_1_114' title='bbox 1200 1861 1269 1936; x_wconf 86' lang='lat' dir='ltr'><strong>else</strong></span> <span class='ocrx_word' id='word_1_115' title='bbox 1292 1863 1426 1956; x_wconf 90' lang='lat' dir='ltr'><strong>poterit</strong></span> <span class='ocrx_word' id='word_1_116' title='bbox 1443 1865 1569 1940; x_wconf 89' lang='lat' dir='ltr'><strong>secun·</strong></span> 
     </span>
     <span class='ocr_line' id='line_1_16' title="bbox 419 1955 1567 2054; baseline 0.004 -23"><span class='ocrx_word' id='word_1_117' title='bbox 419 1959 503 2032; x_wconf 91' lang='lat' dir='ltr'><strong>dum</strong></span> <span class='ocrx_word' id='word_1_118' title='bbox 527 1958 617 2030; x_wconf 88' lang='lat' dir='ltr'><strong>illam</strong></span> <span class='ocrx_word' id='word_1_119' title='bbox 641 1955 873 2049; x_wconf 87' lang='lat' dir='ltr'><strong>hypothefin,</strong></span> <span class='ocrx_word' id='word_1_120' title='bbox 904 1977 945 2028; x_wconf 89' lang='lat' dir='ltr'><strong>ac</strong></span> <span class='ocrx_word' id='word_1_121' title='bbox 966 1979 1071 2049; x_wconf 90' lang='lat' dir='ltr'><strong>quem</strong></span> <span class='ocrx_word' id='word_1_122' title='bbox 1091 1959 1238 2032; x_wconf 89' lang='lat' dir='ltr'><strong>Grotius</strong></span> <span class='ocrx_word' id='word_1_123' title='bbox 1260 1958 1292 2032; x_wconf 91' lang='lat' dir='ltr'><strong>ei</strong></span> <span class='ocrx_word' id='word_1_124' title='bbox 1315 1959 1442 2050; x_wconf 85' lang='lat' dir='ltr'><strong>dedit,</strong></span> <span class='ocrx_word' id='word_1_125' title='bbox 1467 1983 1567 2054; x_wconf 87' lang='lat' dir='ltr'><strong>quo,</strong></span> 
     </span>
     <span class='ocr_line' id='line_1_17' title="bbox 421 2051 1569 2155; baseline -0.006 -27"><span class='ocrx_word' id='word_1_126' title='bbox 421 2076 570 2155; x_wconf 84' lang='lat' dir='ltr'><strong>regnum</strong></span> <span class='ocrx_word' id='word_1_127' title='bbox 595 2052 682 2125; x_wconf 94' lang='lat' dir='ltr'><strong>illud</strong></span> <span class='ocrx_word' id='word_1_128' title='bbox 701 2055 828 2148; x_wconf 88' lang='lat' dir='ltr'><strong>partim</strong></span> <span class='ocrx_word' id='word_1_129' title='bbox 849 2051 952 2126; x_wconf 84' lang='lat' dir='ltr'><strong>fuisse</strong></span> <span class='ocrx_word' id='word_1_130' title='bbox 971 2053 1166 2146; x_wconf 74' lang='lat' dir='ltr'><strong>expletum,</strong></span> <span class='ocrx_word' id='word_1_131' title='bbox 1192 2056 1320 2148; x_wconf 85' lang='lat' dir='ltr'><strong>partim</strong></span> <span class='ocrx_word' id='word_1_132' title='bbox 1334 2058 1569 2152; x_wconf 87' lang='lat' dir='ltr'><strong>comprehen.</strong></span> 
     </span>
     <span class='ocr_line' id='line_1_18' title="bbox 420 2147 1569 2245; baseline 0.001 -20"><span class='ocrx_word' id='word_1_133' title='bbox 420 2151 496 2225; x_wconf 87' lang='lat' dir='ltr'><strong>sum</strong></span> <span class='ocrx_word' id='word_1_134' title='bbox 520 2149 673 2245; x_wconf 87' lang='lat' dir='ltr'><strong>Imperio</strong></span> <span class='ocrx_word' id='word_1_135' title='bbox 695 2147 882 2240; x_wconf 86' lang='lat' dir='ltr'><strong>Romano,</strong></span> <span class='ocrx_word' id='word_1_136' title='bbox 906 2147 1080 2224; x_wconf 88' lang='lat' dir='ltr'><strong>statuitur.</strong></span> <span class='ocrx_word' id='word_1_137' title='bbox 1130 2153 1188 2226; x_wconf 90' lang='lat' dir='ltr'><strong>De</strong></span> <span class='ocrx_word' id='word_1_138' title='bbox 1211 2151 1375 2228; x_wconf 89' lang='lat' dir='ltr'><strong>Romano</strong></span> <span class='ocrx_word' id='word_1_139' title='bbox 1391 2173 1480 2226; x_wconf 91' lang='lat' dir='ltr'><strong>vero</strong></span> <span class='ocrx_word' id='word_1_140' title='bbox 1501 2155 1569 2233; x_wconf 82' lang='lat' dir='ltr'><strong>im..</strong></span> 
     </span>
     <span class='ocr_line' id='line_1_19' title="bbox 419 2245 1570 2346; baseline 0.006 -25"><span class='ocrx_word' id='word_1_141' title='bbox 419 2249 520 2346; x_wconf 82' lang='lat' dir='ltr'><strong>perio</strong></span> <span class='ocrx_word' id='word_1_142' title='bbox 539 2247 653 2322; x_wconf 88' lang='lat' dir='ltr'>ansam</span> <span class='ocrx_word' id='word_1_143' title='bbox 674 2248 853 2342; x_wconf 86' lang='lat' dir='ltr'><strong>cogitandi</strong></span> <span class='ocrx_word' id='word_1_144' title='bbox 875 2245 938 2341; x_wconf 84' lang='lat' dir='ltr'><strong>lpsi</strong></span> <span class='ocrx_word' id='word_1_145' title='bbox 955 2246 1105 2346; x_wconf 65' lang='lat' dir='ltr'><strong>praebuit</strong></span> <span class='ocrx_word' id='word_1_146' title='bbox 1119 2245 1280 2342; x_wconf 83' lang='lat' dir='ltr'><strong>Lepidis,</strong></span> <span class='ocrx_word' id='word_1_147' title='bbox 1305 2250 1343 2323; x_wconf 90' lang='lat' dir='ltr'><strong>in</strong></span> <span class='ocrx_word' id='word_1_148' title='bbox 1362 2246 1508 2326; x_wconf 88' lang='lat' dir='ltr'><strong>statuam</strong></span> <span class='ocrx_word' id='word_1_149' title='bbox 1521 2253 1570 2328; x_wconf 89' lang='lat' dir='ltr'><strong>ir·</strong></span> 
     </span>
     <span class='ocr_line' id='line_1_20' title="bbox 421 2341 1568 2441; baseline -0.006 -23"><span class='ocrx_word' id='word_1_150' title='bbox 421 2345 578 2435; x_wconf 87' lang='lat' dir='ltr'><strong>ruentis,</strong></span> <span class='ocrx_word' id='word_1_151' title='bbox 604 2341 809 2436; x_wconf 75' lang='lat' dir='ltr'><strong>conspetius</strong></span> <span class='ocrx_word' id='word_1_152' title='bbox 830 2343 1009 2432; x_wconf 87' lang='lat' dir='ltr'><strong>militaris,</strong></span> <span class='ocrx_word' id='word_1_153' title='bbox 1041 2345 1140 2434; x_wconf 84' lang='lat' dir='ltr'><strong>cujus</strong></span> <span class='ocrx_word' id='word_1_154' title='bbox 1160 2365 1229 2439; x_wconf 89' lang='lat' dir='ltr'><strong>ope</strong></span> <span class='ocrx_word' id='word_1_155' title='bbox 1249 2365 1357 2441; x_wconf 89' lang='lat' dir='ltr'><strong>regna</strong></span> <span class='ocrx_word' id='word_1_156' title='bbox 1371 2349 1484 2440; x_wconf 86' lang='lat' dir='ltr'><strong>quarti</strong></span> <span class='ocrx_word' id='word_1_157' title='bbox 1501 2349 1568 2426; x_wconf 88' lang='lat' dir='ltr'><strong>im.</strong></span> 
     </span>
     <span class='ocr_line' id='line_1_21' title="bbox 422 2437 1568 2536; baseline -0.003 -22"><span class='ocrx_word' id='word_1_158' title='bbox 422 2444 512 2536; x_wconf 91' lang='lat' dir='ltr'><strong>perii</strong></span> <span class='ocrx_word' id='word_1_159' title='bbox 534 2439 612 2515; x_wconf 87' lang='lat' dir='ltr'><strong>sont</strong></span> <span class='ocrx_word' id='word_1_160' title='bbox 634 2437 824 2518; x_wconf 77' lang='lat' dir='ltr'><strong>destrudla:</strong></span> <span class='ocrx_word' id='word_1_161' title='bbox 850 2441 888 2514; x_wconf 93' lang='lat' dir='ltr'><strong>in</strong></span> <span class='ocrx_word' id='word_1_162' title='bbox 903 2461 974 2534; x_wconf 89' lang='lat' dir='ltr'><strong>quo</strong></span> <span class='ocrx_word' id='word_1_163' title='bbox 989 2455 1174 2534; x_wconf 78' lang='lat' dir='ltr'><strong>tantopere</strong></span> <span class='ocrx_word' id='word_1_164' title='bbox 1190 2463 1264 2514; x_wconf 91' lang='lat' dir='ltr'><strong>non</strong></span> <span class='ocrx_word' id='word_1_165' title='bbox 1277 2443 1456 2516; x_wconf 88' lang='lat' dir='ltr'><strong>aberravit</strong></span> <span class='ocrx_word' id='word_1_166' title='bbox 1470 2467 1491 2516; x_wconf 89' lang='lat' dir='ltr'><strong>a</strong></span> <span class='ocrx_word' id='word_1_167' title='bbox 1506 2467 1568 2518; x_wconf 85' lang='lat' dir='ltr'><strong>ve.</strong></span> 
     </span>
     <span class='ocr_line' id='line_1_22' title="bbox 420 2535 1574 2631; baseline 0.003 -19"><span class='ocrx_word' id='word_1_168' title='bbox 420 2561 482 2626; x_wconf 72' lang='lat' dir='ltr'><strong>rot</strong></span> <span class='ocrx_word' id='word_1_169' title='bbox 508 2558 546 2610; x_wconf 90' lang='lat' dir='ltr'><strong>ut</strong></span> <span class='ocrx_word' id='word_1_170' title='bbox 566 2537 746 2630; x_wconf 87' lang='lat' dir='ltr'><strong>sequentia</strong></span> <span class='ocrx_word' id='word_1_171' title='bbox 766 2535 993 2631; x_wconf 84' lang='lat' dir='ltr'><strong>patefacient.</strong></span> <span class='ocrx_word' id='word_1_172' title='bbox 1042 2535 1188 2610; x_wconf 87' lang='lat' dir='ltr'><strong>Nollem</strong></span> <span class='ocrx_word' id='word_1_173' title='bbox 1206 2539 1323 2630; x_wconf 82' lang='lat' dir='ltr'><strong>itaque</strong></span> <span class='ocrx_word' id='word_1_174' title='bbox 1340 2553 1411 2612; x_wconf 92' lang='lat' dir='ltr'><strong>tam</strong></span> <span class='ocrx_word' id='word_1_175' title='bbox 1427 2541 1574 2616; x_wconf 81' lang='lat' dir='ltr'><strong>immite</strong></span> 
     </span>
     <span class='ocr_line' id='line_1_23' title="bbox 420 2630 1572 2732; baseline -0.002 -26"><span class='ocrx_word' id='word_1_176' title='bbox 420 2657 442 2706; x_wconf 88' lang='lat' dir='ltr'><strong>a</strong></span> <span class='ocrx_word' id='word_1_177' title='bbox 464 2633 554 2705; x_wconf 91' lang='lat' dir='ltr'><strong>Viro</strong></span> <span class='ocrx_word' id='word_1_178' title='bbox 574 2633 726 2723; x_wconf 84' lang='lat' dir='ltr'><strong>quodam</strong></span> <span class='ocrx_word' id='word_1_179' title='bbox 746 2632 867 2714; x_wconf 77' lang='lat' dir='ltr'><strong>Dodlo</strong></span> <span class='ocrx_word' id='word_1_180' title='bbox 896 2631 940 2704; x_wconf 88' lang='lat' dir='ltr'><strong>de</strong></span> <span class='ocrx_word' id='word_1_181' title='bbox 963 2630 1136 2714; x_wconf 76' lang='lat' dir='ltr'><strong>Grotiar&#39;te</strong></span> <span class='ocrx_word' id='word_1_182' title='bbox 1157 2633 1222 2710; x_wconf 87' lang='lat' dir='ltr'><strong>hac</strong></span> <span class='ocrx_word' id='word_1_183' title='bbox 1244 2631 1428 2728; x_wconf 86' lang='lat' dir='ltr'><strong>hypothess</strong></span> <span class='ocrx_word' id='word_1_184' title='bbox 1450 2640 1572 2732; x_wconf 89' lang='lat' dir='ltr'><strong>prola.</strong></span> 
     </span>
     <span class='ocr_line' id='line_1_24' title="bbox 421 2727 1567 2825; baseline 0.004 -23"><span class='ocrx_word' id='word_1_185' title='bbox 421 2747 498 2802; x_wconf 88' lang='lat' dir='ltr'><strong>tum</strong></span> <span class='ocrx_word' id='word_1_186' title='bbox 519 2727 712 2817; x_wconf 88' lang='lat' dir='ltr'><strong>judicium,</strong></span> <span class='ocrx_word' id='word_1_187' title='bbox 744 2749 816 2819; x_wconf 90' lang='lat' dir='ltr'><strong>quo</strong></span> <span class='ocrx_word' id='word_1_188' title='bbox 835 2728 1003 2802; x_wconf 88' lang='lat' dir='ltr'><strong>Grotium</strong></span> <span class='ocrx_word' id='word_1_189' title='bbox 1024 2729 1237 2820; x_wconf 84' lang='lat' dir='ltr'><strong>pronunciat</strong></span> <span class='ocrx_word' id='word_1_190' title='bbox 1257 2735 1348 2804; x_wconf 81' lang='lat' dir='ltr'><strong>volui</strong></span> <span class='ocrx_word' id='word_1_191' title='bbox 1376 2756 1391 2803; x_wconf 84' lang='lat' dir='ltr'><strong>e</strong></span> <span class='ocrx_word' id='word_1_192' title='bbox 1403 2728 1465 2825; x_wconf 90' lang='lat' dir='ltr'><strong>suo</strong></span> <span class='ocrx_word' id='word_1_193' title='bbox 1477 2730 1567 2808; x_wconf 75' lang='lat' dir='ltr'><strong>more</strong></span> 
     </span>
     <span class='ocr_line' id='line_1_25' title="bbox 419 2820 1565 2922; baseline 0.008 -28"><span class='ocrx_word' id='word_1_194' title='bbox 419 2824 551 2911; x_wconf 75' lang='lat' dir='ltr'><strong>ludere,</strong></span> <span class='ocrx_word' id='word_1_195' title='bbox 589 2826 750 2892; x_wconf 81' lang='lat' dir='ltr'><strong>vaticinia</strong></span> <span class='ocrx_word' id='word_1_196' title='bbox 778 2825 815 2895; x_wconf 85' lang='lat' dir='ltr'><strong>de</strong></span> <span class='ocrx_word' id='word_1_197' title='bbox 846 2820 969 2912; x_wconf 79' lang='lat' dir='ltr'><strong>Christo</strong></span> <span class='ocrx_word' id='word_1_198' title='bbox 991 2834 1160 2914; x_wconf 77' lang='lat' dir='ltr'><strong>coartare,</strong></span> <span class='ocrx_word' id='word_1_199' title='bbox 1189 2823 1315 2920; x_wconf 79' lang='lat' dir='ltr'><strong>suaque</strong></span> <span class='ocrx_word' id='word_1_200' title='bbox 1349 2830 1565 2922; x_wconf 71' lang='lat' dir='ltr'><strong>regularitate</strong></span> 
     </span>
     <span class='ocr_line' id='line_1_26' title="bbox 414 2915 1565 3014; baseline 0.009 -26"><span class='ocrx_word' id='word_1_201' title='bbox 414 2915 618 3011; x_wconf 74' lang='lat' dir='ltr'><strong>singularem</strong></span> <span class='ocrx_word' id='word_1_202' title='bbox 640 2919 798 3010; x_wconf 83' lang='lat' dir='ltr'><strong>quandam</strong></span> <span class='ocrx_word' id='word_1_203' title='bbox 818 2922 987 3012; x_wconf 84' lang='lat' dir='ltr'><strong>gloriolam</strong></span> <span class='ocrx_word' id='word_1_204' title='bbox 1008 2934 1149 3014; x_wconf 82' lang='lat' dir='ltr'><strong>raptare.</strong></span> <span class='ocrx_word' id='word_1_205' title='bbox 1198 2922 1280 2996; x_wconf 90' lang='lat' dir='ltr'><strong>Hoc</strong></span> <span class='ocrx_word' id='word_1_206' title='bbox 1293 2921 1317 2996; x_wconf 86' lang='lat' dir='ltr'><strong>st</strong></span> <span class='ocrx_word' id='word_1_207' title='bbox 1331 2923 1475 2998; x_wconf 83' lang='lat' dir='ltr'><strong>Grotius</strong></span> <span class='ocrx_word' id='word_1_208' title='bbox 1489 2947 1565 3002; x_wconf 87' lang='lat' dir='ltr'><strong>me·</strong></span> 
     </span>
     <span class='ocr_line' id='line_1_27' title="bbox 422 3013 1564 3116; baseline 0.008 -30"><span class='ocrx_word' id='word_1_209' title='bbox 422 3017 515 3099; x_wconf 86' lang='lat' dir='ltr'><strong>ruit,</strong></span> <span class='ocrx_word' id='word_1_210' title='bbox 541 3013 624 3108; x_wconf 85' lang='lat' dir='ltr'><strong>quid</strong></span> <span class='ocrx_word' id='word_1_211' title='bbox 646 3030 720 3086; x_wconf 88' lang='lat' dir='ltr'><strong>tum</strong></span> <span class='ocrx_word' id='word_1_212' title='bbox 741 3013 788 3087; x_wconf 85' lang='lat' dir='ltr'><strong>D.</strong></span> <span class='ocrx_word' id='word_1_213' title='bbox 810 3013 925 3088; x_wconf 83' lang='lat' dir='ltr'><strong>l&#39;araeo</strong></span> <span class='ocrx_word' id='word_1_214' title='bbox 947 3013 1084 3093; x_wconf 75' lang='lat' dir='ltr'><strong>facies?</strong></span> <span class='ocrx_word' id='word_1_215' title='bbox 1108 3016 1188 3110; x_wconf 90' lang='lat' dir='ltr'><strong>qui,</strong></span> <span class='ocrx_word' id='word_1_216' title='bbox 1213 3021 1474 3095; x_wconf 90' lang='lat' dir='ltr'><strong>convenienter</strong></span> <span class='ocrx_word' id='word_1_217' title='bbox 1499 3022 1564 3116; x_wconf 87' lang='lat' dir='ltr'><strong>hy-</strong></span> 
     </span>
     <span class='ocr_line' id='line_1_28' title="bbox 422 3109 1562 3212; baseline 0.013 -31"><span class='ocrx_word' id='word_1_218' title='bbox 422 3109 557 3204; x_wconf 83' lang='lat' dir='ltr'><strong>pothesi</strong></span> <span class='ocrx_word' id='word_1_219' title='bbox 583 3109 627 3182; x_wconf 92' lang='lat' dir='ltr'><strong>de</strong></span> <span class='ocrx_word' id='word_1_220' title='bbox 650 3110 801 3204; x_wconf 87' lang='lat' dir='ltr'><strong>imperio</strong></span> <span class='ocrx_word' id='word_1_221' title='bbox 828 3111 992 3186; x_wconf 88' lang='lat' dir='ltr'><strong>Romano</strong></span> <span class='ocrx_word' id='word_1_222' title='bbox 1014 3133 1128 3210; x_wconf 85' lang='lat' dir='ltr'><strong>regno</strong></span> <span class='ocrx_word' id='word_1_223' title='bbox 1154 3131 1288 3210; x_wconf 85' lang='lat' dir='ltr'><strong>quarto,</strong></span> <span class='ocrx_word' id='word_1_224' title='bbox 1320 3115 1489 3212; x_wconf 83' lang='lat' dir='ltr'><strong>lapidem,</strong></span> <span class='ocrx_word' id='word_1_225' title='bbox 1515 3119 1562 3206; x_wconf 79' lang='lat' dir='ltr'><strong>de</strong></span> 
     </span>
     <span class='ocr_line' id='line_1_29' title="bbox 422 3208 1567 3310; baseline 0.004 -29"><span class='ocrx_word' id='word_1_226' title='bbox 422 3221 547 3281; x_wconf 89' lang='lat' dir='ltr'><strong>monte</strong></span> <span class='ocrx_word' id='word_1_227' title='bbox 569 3209 775 3293; x_wconf 84' lang='lat' dir='ltr'><strong>cadentem,</strong></span> <span class='ocrx_word' id='word_1_228' title='bbox 801 3208 970 3292; x_wconf 81' lang='lat' dir='ltr'><strong>&amp;totam</strong></span> <span class='ocrx_word' id='word_1_229' title='bbox 994 3221 1124 3286; x_wconf 88' lang='lat' dir='ltr'><strong>terram</strong></span> <span class='ocrx_word' id='word_1_230' title='bbox 1149 3213 1366 3306; x_wconf 86' lang='lat' dir='ltr'><strong>replentem,</strong></span> <span class='ocrx_word' id='word_1_231' title='bbox 1390 3213 1567 3310; x_wconf 78' lang='lat' dir='ltr'><strong>interpre-</strong></span> 
     </span>
     <span class='ocr_line' id='line_1_30' title="bbox 421 3301 1571 3406; baseline 0 -28"><span class='ocrx_word' id='word_1_232' title='bbox 421 3314 516 3378; x_wconf 82' lang='lat' dir='ltr'><strong>tatur</strong></span> <span class='ocrx_word' id='word_1_233' title='bbox 536 3301 581 3375; x_wconf 92' lang='lat' dir='ltr'><strong>de</strong></span> <span class='ocrx_word' id='word_1_234' title='bbox 605 3303 763 3398; x_wconf 88' lang='lat' dir='ltr'><strong>potentia</strong></span> <span class='ocrx_word' id='word_1_235' title='bbox 784 3304 955 3383; x_wconf 85' lang='lat' dir='ltr'><strong>Turcica:</strong></span> <span class='ocrx_word' id='word_1_236' title='bbox 989 3305 1084 3380; x_wconf 82' lang='lat' dir='ltr'><strong>addit</strong></span> <span class='ocrx_word' id='word_1_237' title='bbox 1100 3301 1266 3399; x_wconf 64' lang='lat' dir='ltr'><strong>guidem,</strong></span> <span class='ocrx_word' id='word_1_238' title='bbox 1292 3331 1439 3406; x_wconf 87' lang='lat' dir='ltr'><strong>regnum</strong></span> <span class='ocrx_word' id='word_1_239' title='bbox 1461 3331 1571 3386; x_wconf 75' lang='lat' dir='ltr'><strong>etet.-</strong></span> 
     </span>
     <span class='ocr_line' id='line_1_31' title="bbox 421 3397 1563 3502; baseline 0.01 -28"><span class='ocrx_word' id='word_1_240' title='bbox 421 3409 507 3474; x_wconf 84' lang='lat' dir='ltr'><strong>num</strong></span> <span class='ocrx_word' id='word_1_241' title='bbox 529 3401 572 3472; x_wconf 93' lang='lat' dir='ltr'><strong>de</strong></span> <span class='ocrx_word' id='word_1_242' title='bbox 594 3397 746 3472; x_wconf 84' lang='lat' dir='ltr'><strong>Ecclesia</strong></span> <span class='ocrx_word' id='word_1_243' title='bbox 767 3400 937 3498; x_wconf 86' lang='lat' dir='ltr'><strong>intelligi,</strong></span> <span class='ocrx_word' id='word_1_244' title='bbox 961 3423 1065 3494; x_wconf 90' lang='lat' dir='ltr'><strong>quam</strong></span> <span class='ocrx_word' id='word_1_245' title='bbox 1087 3403 1185 3478; x_wconf 89' lang='lat' dir='ltr'><strong>Deus</strong></span> <span class='ocrx_word' id='word_1_246' title='bbox 1208 3427 1253 3479; x_wconf 88' lang='lat' dir='ltr'><strong>eo</strong></span> <span class='ocrx_word' id='word_1_247' title='bbox 1275 3419 1462 3502; x_wconf 89' lang='lat' dir='ltr'><strong>tempore,</strong></span> <span class='ocrx_word' id='word_1_248' title='bbox 1487 3429 1563 3502; x_wconf 90' lang='lat' dir='ltr'><strong>quo</strong></span> 
     </span>
     <span class='ocr_line' id='line_1_32' title="bbox 422 3495 1561 3598; baseline 0.011 -30"><span class='ocrx_word' id='word_1_249' title='bbox 422 3497 506 3591; x_wconf 85' lang='lat' dir='ltr'><strong>lapis</strong></span> <span class='ocrx_word' id='word_1_250' title='bbox 530 3497 599 3570; x_wconf 91' lang='lat' dir='ltr'><strong>hoc</strong></span> <span class='ocrx_word' id='word_1_251' title='bbox 625 3495 729 3584; x_wconf 85' lang='lat' dir='ltr'><strong>satit,</strong></span> <span class='ocrx_word' id='word_1_252' title='bbox 756 3499 922 3598; x_wconf 84' lang='lat' dir='ltr'><strong>colligere</strong></span> <span class='ocrx_word' id='word_1_253' title='bbox 947 3521 1021 3574; x_wconf 88' lang='lat' dir='ltr'><strong>non</strong></span> <span class='ocrx_word' id='word_1_254' title='bbox 1043 3499 1166 3575; x_wconf 85' lang='lat' dir='ltr'><strong>cessat:</strong></span> <span class='ocrx_word' id='word_1_255' title='bbox 1201 3502 1259 3576; x_wconf 90' lang='lat' dir='ltr'><strong>sed</strong></span> <span class='ocrx_word' id='word_1_256' title='bbox 1279 3503 1422 3578; x_wconf 86' lang='lat' dir='ltr'><strong>&amp;idem</strong></span> <span class='ocrx_word' id='word_1_257' title='bbox 1436 3501 1561 3581; x_wconf 89' lang='lat' dir='ltr'><strong>statuit</strong></span> 
     </span>
     <span class='ocr_line' id='line_1_33' title="bbox 421 3593 1563 3692; baseline 0.011 -25"><span class='ocrx_word' id='word_1_258' title='bbox 421 3593 568 3668; x_wconf 87' lang='lat' dir='ltr'><strong>Grotius</strong></span> <span class='ocrx_word' id='word_1_259' title='bbox 590 3593 632 3665; x_wconf 89' lang='lat' dir='ltr'><strong>ad</strong></span> <span class='ocrx_word' id='word_1_260' title='bbox 654 3615 728 3688; x_wconf 86' lang='lat' dir='ltr'><strong>cap.</strong></span> <span class='ocrx_word' id='word_1_261' title='bbox 750 3615 815 3667; x_wconf 87' lang='lat' dir='ltr'><strong>vrr.</strong></span> <span class='ocrx_word' id='word_1_262' title='bbox 868 3594 1070 3670; x_wconf 87' lang='lat' dir='ltr'><strong>Praestemus</strong></span> <span class='ocrx_word' id='word_1_263' title='bbox 1090 3619 1155 3670; x_wconf 82' lang='lat' dir='ltr'><strong>nos</strong></span> <span class='ocrx_word' id='word_1_264' title='bbox 1182 3600 1345 3684; x_wconf 87' lang='lat' dir='ltr'><strong>omnibus</strong></span> <span class='ocrx_word' id='word_1_265' title='bbox 1365 3621 1502 3692; x_wconf 83' lang='lat' dir='ltr'><strong>aequos,</strong></span> <span class='ocrx_word' id='word_1_266' title='bbox 1525 3604 1563 3679; x_wconf 79' lang='lat' dir='ltr'><strong>dc</strong></span> 
     </span>
     <span class='ocr_line' id='line_1_34' title="bbox 422 3689 1662 3790; baseline 0.009 -31"><span class='ocrx_word' id='word_1_267' title='bbox 422 3689 616 3764; x_wconf 86' lang='lat' dir='ltr'><strong>refutemus</strong></span> <span class='ocrx_word' id='word_1_268' title='bbox 640 3711 798 3778; x_wconf 87' lang='lat' dir='ltr'><strong>errores,</strong></span> <span class='ocrx_word' id='word_1_269' title='bbox 823 3692 882 3766; x_wconf 93' lang='lat' dir='ltr'><strong>sed</strong></span> <span class='ocrx_word' id='word_1_270' title='bbox 906 3694 1118 3767; x_wconf 87' lang='lat' dir='ltr'><strong>inerrantes</strong></span> <span class='ocrx_word' id='word_1_271' title='bbox 1144 3696 1226 3768; x_wconf 82' lang='lat' dir='ltr'><strong>dura</strong></span> <span class='ocrx_word' id='word_1_272' title='bbox 1249 3697 1357 3768; x_wconf 90' lang='lat' dir='ltr'><strong>verba</strong></span> <span class='ocrx_word' id='word_1_273' title='bbox 1379 3715 1425 3769; x_wconf 92' lang='lat' dir='ltr'><strong>ne</strong></span> <span class='ocrx_word' id='word_1_274' title='bbox 1440 3695 1565 3790; x_wconf 65' lang='lat' dir='ltr'><strong>profe:</strong></span> <span class='ocrx_word' id='word_1_275' title='bbox 1656 3739 1662 3753; x_wconf 90' lang='lat'><strong>·</strong></span> 
     </span>
     <span class='ocr_line' id='line_1_35' title="bbox 421 3785 1578 3882; baseline 0.012 -26"><span class='ocrx_word' id='word_1_276' title='bbox 421 3806 548 3857; x_wconf 90' lang='lat' dir='ltr'><strong>ramus.</strong></span> <span class='ocrx_word' id='word_1_277' title='bbox 598 3785 792 3882; x_wconf 88' lang='lat' dir='ltr'><strong>Principem</strong></span> <span class='ocrx_word' id='word_1_278' title='bbox 808 3791 845 3862; x_wconf 92' lang='lat' dir='ltr'><strong>in</strong></span> <span class='ocrx_word' id='word_1_279' title='bbox 859 3789 975 3864; x_wconf 87' lang='lat' dir='ltr'><strong>multis</strong></span> <span class='ocrx_word' id='word_1_280' title='bbox 986 3787 1142 3864; x_wconf 20' lang='lat' dir='ltr'><strong>&#39;scientiis</strong></span> <span class='ocrx_word' id='word_1_281' title='bbox 1161 3790 1285 3866; x_wconf 91' lang='lat' dir='ltr'><strong>Virum</strong></span> <span class='ocrx_word' id='word_1_282' title='bbox 1301 3813 1377 3864; x_wconf 90' lang='lat' dir='ltr'><strong>rem</strong></span> <span class='ocrx_word' id='word_1_283' title='bbox 1393 3793 1429 3866; x_wconf 90' lang='lat' dir='ltr'><strong>in</strong></span> <span class='ocrx_word' id='word_1_284' title='bbox 1444 3796 1578 3870; x_wconf 77' lang='lat' dir='ltr'><strong>aerbo¹</strong></span> 
     </span>
     <span class='ocr_line' id='line_1_36' title="bbox 420 3879 1560 3999; baseline 0.01 -44"><span class='ocrx_word' id='word_1_285' title='bbox 420 3879 634 3976; x_wconf 82' lang='lat' dir='ltr'><strong>Proplret-ico</strong></span> <span class='ocrx_word' id='word_1_286' title='bbox 654 3881 854 3980; x_wconf 79' lang='lat' dir='ltr'><strong>acupaffim</strong></span> <span class='ocrx_word' id='word_1_287' title='bbox 874 3885 1137 3984; x_wconf 76' lang='lat' dir='ltr'><strong>nontetigilse,</strong></span> <span class='ocrx_word' id='word_1_288' title='bbox 1160 3888 1324 3983; x_wconf 83' lang='lat' dir='ltr'><strong>equidem</strong></span> <span class='ocrx_word' id='word_1_289' title='bbox 1337 3909 1411 3964; x_wconf 86' lang='lat' dir='ltr'><strong>non</strong></span> <span class='ocrx_word' id='word_1_290' title='bbox 1423 3889 1560 3999; x_wconf 81' lang='lat' dir='ltr'><strong>dubita·</strong></span> 
     </span>
     <span class='ocr_line' id='line_1_37' title="bbox 435 4001 1559 4064; baseline 0.007 -7"><span class='ocrx_word' id='word_1_291' title='bbox 435 4001 469 4026; x_wconf 74' lang='lat'><strong>·‘</strong></span> <span class='ocrx_word' id='word_1_292' title='bbox 763 4011 766 4016; x_wconf 88' lang='lat'>·</span> <span class='ocrx_word' id='word_1_293' title='bbox 1419 4007 1559 4064; x_wconf 79' lang='lat' dir='ltr'><strong>veram:</strong></span> 
     </span>
    </p>
   </div>
   <div class='ocr_carea' id='block_1_3' title="bbox 0 0 1736 4792">
    <p class='ocr_par' dir='ltr' id='par_1_3' title="bbox 0 0 1736 4792">
     <span class='ocr_line' id='line_1_38' title="bbox 0 0 1736 4792; baseline 0 0"><span class='ocrx_word' id='word_1_294' title='bbox 0 0 1736 4792; x_wconf 95' lang='lat' dir='ltr'><strong> </strong></span> 
     </span>
    </p>
   </div>
  </div>
 </body>
</html>
