3494 4802
434 482 506 557 ut
604 416 1414 532 ntssrtttrartotrrts

431 645 607 743 praeclaris
637 641 852 718 facinoribus
875 638 1033 724 bellicis,
1058 659 1122 732 per
1144 657 1258 711 cornu
1280 635 1454 732 impetum
1468 632 1505 708 in
1521 649 1581 708 va·-

432 747 501 818 rias
529 743 607 816 coeli
629 743 744 837 plagas
783 739 832 814 vs.
863 761 898 832 9.
920 735 1085 828 depidiis,
1119 736 1156 809 in
1178 733 1285 807 lolius
1306 731 1478 808 Antiochi
1500 730 1584 826 Epi·

434 841 559 936 phanis
583 839 755 932 improbis
778 833 881 936 gellis
895 837 1075 922 variatum
1099 835 1181 927 quia
1193 831 1280 905 illud
1296 853 1377 904 cum
1394 827 1504 923 scopo
1519 829 1584 922 vist

435 954 512 1010 erat
532 935 774 1030 conjunilius.'
825 931 966 1006 Venisse
992 933 1087 1004 enim
1110 929 1144 1003 se
1164 929 1249 1004 dicit
1271 927 1320 1002 vs.
1341 950 1394 1020 19.
1408 945 1462 1000 ut
1485 948 1586 1000 enar·

433 1050 516 1122 ret,
548 1035 632 1128 quid
656 1037 772 1130 populo
800 1029 869 1104 Dei
897 1035 932 1102 in
955 1043 1094 1102 extremo
1118 1032 1175 1100 iro
1194 1027 1376 1114 eveniret,
1403 1045 1476 1116 quo
1491 1024 1586 1098 adfli-

435 1131 559 1205 utonis
582 1125 998 1227 Epiphanicaecharadier
1014 1126 1171 1200 ducitur:
1197 1139 1238 1199 ut
1253 1125 1315 1199 luo
1336 1124 1424 1196 loco·
1434 1105 1586 1215 patebit.

436 1229 639 1320 Ceterum,
678 1250 760 1301 cum
790 1227 947 1324 Angelus
979 1224 1092 1298 visum
1118 1245 1183 1317 per
1205 1237 1323 1318 partes
1345 1221 1487 1314 quidem
1509 1243 1586 1298 non

436 1343 612 1422 exponat,
638 1341 794 1400 attamen
816 1345 912 1397 verat
933 1323 1239 1416 interpretationis
1252 1321 1388 1394 clavem
1406 1318 1444 1392 in
1461 1339 1585 1394 manus

435 1425 568 1514 tradat3
595 1424 671 1516 ejus
694 1425 904 1495 verberante
928 1418 1110 1514 inspexille
1131 1419 1164 1492 dt
1186 1415 1366 1492 illustraffe
1380 1437 1456 1491 non
1469 1417 1529 1490 abs
1544 1437 1585 1490 re

435 1522 567 1608 fuerit,
594 1539 634 1595 ut
654 1520 794 1592 facilior
816 1519 942 1592 evadat
958 1516 1061 1611 ipfius
1076 1515 1138 1589 vili
1153 1516 1356 1590 elucidatio.-

486 1623 521 1708 §.
544 1617 605 1691 Xl.
631 1615 687 1690 Eo
705 1629 823 1690 autem
841 1615 993 1689 tendunt
1007 1615 1082 1706 ejus
1099 1617 1229 1703 verba,
1243 1630 1283 1688 ut
1304 1643 1337 1687 u.
1356 1626 1588 1708 tempus,quo

436 1737 552 1790 cornu
578 1713 667 1788 illud
696 1714 888 1802 ferociret,
921 1709 955 1786 dt
980 1711 1174 1787 claruderes
1204 1713 1278 1806 ejus
1306 1711 1585 1788 innotescerent.

437 1816 474 1902 β.
491 1811 662 1910 generalis
688 1811 882 1903 impiorum
907 1813 982 1904 ejus
1010 1809 1047 1884 in
1068 1810 1240 1905 populum
1264 1809 1334 1882 Dei
1358 1809 1586 1886 moliminum

437 1906 644 2000 eonspeiius
666 1906 823 1983 daretur.
879 1929 909 1980 a.
937 1908 1034 1982 Prius
1056 1908 1106 1982 us.
1130 1931 1187 2002 23.
1213 1908 1265 1982 his
1288 1907 1406 1982 verbis
1429 1907 1585 2002 profert.

378 2005 408 2042 ·’
435 2003 488 2078 Et
506 2001 571 2101 sub
589 2000 692 2098 finem
717 2008 813 2101 regni
833 2003 1001 2096 ipsorum,
1040 2027 1136 2102 quum
1152 2011 1427 2101 prevaricatores
1443 2003 1589 2100 consum-

436 2107 627 2192 maverint,-
643 2099 747 2194 flabit
764 2125 822 2174 rex
829 2098 938 2194 furtis
946 2099 1060 2194 facit,
1088 2101 1132 2186 d?
1145 2109 1357 2198 aenigmatum
1367 2107 1502 2198 peritus.
1543 2099 1589 2178 In

438 2201 565 2294 quibus
588 2199 821 2294 explicandis,
843 2199 894 2274 'dt
921 2199 965 2272 ad
991 2200 1212 2276 Antiochum
1234 2197 1455 2295 Epiphanem
1477 2197 1591 2292 adpli-

437 2297 577 2388 candis,
602 2319 725 2394 parum
749 2297 853 2388 mihi,
879 2296 959 2392 post
981 2295 1245 2391 Interpretum,
1282 2297 1320 2372 in
1340 2296 1462 2392 primis
1482 2295 1591 2388 GeJe·

438 2397 491 2486 ri,
518 2418 639 2486 curas,
674 2395 835 2471 relidium
860 2393 935 2484 est,
961 2395 1058 2488 quod
1080 2396 1196 2468 notari
1213 2409 1404 2470 mereatur.
1455 2389 1592 2472 Cunfiu

437 2492 518 2569 sunt
538 2497 642 2590 plana
664 2495 697 2568 dt
719 2493 846 2567 facilia.
897 2491 1142 2567 Charadierem
1160 2498 1332 2588 temporis,
1366 2495 1493 2587 partim
1517 2517 1590 2590 reg,

438 2615 574 2680 norum,
600 2594 726 2684 partim
743 2595 857 2686 pupuli
880 2587 950 2663 Dei
973 2589 1099 2678 status,
1135 2591 1245 2664 verba
1261 2590 1445 2664 exhibent.
1494 2589 1590 2688 Reg·

437 2709 590 2791 porum,
621 2707 667 2759 ex
688 2687 932 2764 Alexandrino
952 2702 1139 2774 ortorum,
1174 2686 1334 2782 respediu
1349 2689 1500 2776 dicitur,
1525 2693 1594 2762 tir-

438 2805 477 2856 ta
500 2798 676 2856 extremum
697 2788 790 2878 regni
812 2781 973 2878 ipsorum:
996 2781 1043 2856 fic
1066 2785 1161 2858 enim
1178 2784 1332 2875 rectius,
1358 2807 1459 2880 quam
1479 2791 1514 2858 in
1533 2809 1591 2858 ett-

439 2891 543 2952 tremo
561 2879 817 2968 intellexerim,
848 2901 931 2956 cum
958 2880 1157 2978 praeposrtio
1182 2885 1441 2959 alatitudinem
1465 2880 1592 2957 admit·

439 2989 506 3050 tat.
553 2975 679 3050 Sensus
713 2977 830 3070 itaque
855 2976 929 3070 eli,
967 2999 1076 3075 regna
1097 2980 1155 3054 illa
1177 2979 1221 3054 ad
1243 2996 1419 3056 extremum
1439 2979 1472 3052 dt
1484 2975 1593 3074 finem

439 3071 539 3148 suum
560 3087 648 3148 tunc
670 3074 839 3168 temporis
856 3073 1078 3169 mediatum,
1119 3077 1169 3151 ita
1195 3095 1236 3152 ut
1262 3079 1398 3175 epocha
1421 3079 1593 3154 interitus

439 3191 565 3245 corum
591 3171 703 3246 abeo
725 3173 884 3248 ducenda
906 3171 961 3250 stt.
1009 3171 1119 3273 Quod
1145 3179 1278 3252 nemini
1295 3199 1369 3252 non
1385 3199 1430 3251 ex
1443 3174 1593 3252 historia

438 3267 635 3368 progrellus
660 3269 803 3365 Imperii
825 3269 975 3348 Roman-i
1001 3295 1065 3368 pet
1089 3276 1237 3362 orbem,
1262 3275 1295 3348 dt
1316 3276 1444 3350 horum
1460 3295 1593 3370 regno.⁴

437 3389 517 3444 runt
544 3367 828 3458 debilitatorum,
868 3393 976 3464 quum
1008 3371 1209 3446 Antiochus
1238 3371 1438 3468 Epiphanes
1468 3372 1504 3444 in
1527 3369 1592 3465 Ju-

438 3465 533 3542 daeos
556 3467 684 3556 irruit,
716 3483 842 3544 notum
863 3467 927 3543 est.
985 3465 1107 3568 Quid?
1132 3469 1226 3564 quod
1250 3470 1420 3568 originale
1437 3469 1592 3556 Alexan-

439 3565 493 3636 dri
517 3585 665 3662 regnum
690 3565 966 3641 Macedonicum
985 3567 1057 3657 jam
1079 3581 1155 3641 tum
1177 3569 1396 3657 conciderit,
1422 3567 1588 3642 altoma-

439 3661 741 3757 nis'abl'orptum3
780 3665 961 3758 Syriacum
983 3664 1243 3740 Seleucidarum
1266 3687 1415 3764 regnum
1441 3686 1462 3737 a
1484 3682 1592 3758 parte

438 3756 611 3831 Orientali
635 3763 670 3834 &
692 3761 916 3836 Occidentali
943 3759 987 3835 ad
1015 3760 1180 3837 utiliores
1207 3763 1334 3839 limites
1357 3763 1468 3837 fuerit
1489 3762 1592 3836 reda·

440 3851 556 3940 diurn,
581 3858 706 3947 partim
724 3881 786 3952 per
800 3859 1007 3952 Romanos,
1030 3876 1090 3953 qut
1107 3875 1218 3940 totam
1234 3859 1348 3936 Asiam
1364 3864 1412 3937 cis
1426 3861 1589 3936 Taurum

317 3983 319 3992 ν
439 3952 472 4025 ci
494 3949 737 4050 abstulerunt,
759 3958 888 4054 partim
909 3979 974 4055 pet
995 3957 1154 4038 Parthos.
1202 3960 1436 4064 Quantopere
1456 3957 1592 4032 Roma·

448 4083 451 4089 '
577 4109 582 4116 ·
1453 4075 1587 4135 nolum
