3456 4744
329 389 336 401 '
464 417 530 508 an
597 369 723 475 'D'd
771 395 821 476 N.
896 421 987 482 211:
1037 423 1071 499 ³·
1251 425 1323 508 737

170 573 330 674 ligendos
346 569 444 658 esse,
466 572 606 668 exigere
630 569 793 658 videtur,
826 593 911 660 cum
929 568 1080 668 inscripti
1094 573 1174 647 libro
1189 569 1233 656 (μ’
1249 572 1320 643 dor·

169 679 303 750 utentes
327 677 362 744 in
383 685 472 743 terra
490 672 640 764 pulveris
665 667 725 742 irbi
751 667 937 742 videantur
958 671 1105 762 opponi.
1163 666 1321 764 Inscripti

170 789 310 858 autem,
336 784 376 841 ut
398 764 500 860 supra
521 766 693 853 vidimus,
725 764 774 836 illi
792 763 870 840 sunt
885 786 929 836 ex
946 765 1102 859 populo,
1127 769 1184 860 qui
1202 765 1321 859 super·

170 865 266 943 stites
288 863 488 942 manserunt
507 861 544 936 in
568 863 680 950 vivis,
714 865 900 935 recubantes
922 883 1007 958 ergo
1025 866 1059 936 in
1075 879 1246 938 terraeos
1260 865 1320 934 de-

170 965 306 1063 fignent
334 959 472 1036 necesse
500 956 573 1047 est,
612 959 670 1048 qui
700 979 763 1050 per
792 959 1014 1049 tyrannidem
1043 959 1318 1054 Epiphanicam,

136 1086 138 1097 ¹
170 1065 315 1156 aliisque
330 1057 465 1142 modis,
492 1065 552 1128 aut
568 1049 673 1128 occist
687 1049 787 1138 sunt,
812 1069 873 1126 aut
888 1058 1148 1131 occubuerunt.
1179 1079 1211 1130 2.
1231 1056 1318 1126 Dur.

163 1166 304 1248 ¹inientes
326 1169 420 1238 terra
443 1153 591 1246 pulveris
615 1146 640 1220 fi
662 1149 905 1242 metaphorice
917 1151 1126 1244 ‘opprellum
1145 1154 1318 1248 populum

171 1258 208 1331 in
230 1251 362 1354 genere
383 1250 595 1345 depingant;
620 1242 775 1318 difficiles
792 1266 864 1320 non
881 1259 1018 1322 tantum
1041 1249 1147 1323 habet
1170 1251 1319 1342 explica·

174 1371 253 1441 tus,
285 1348 380 1446 quod
408 1349 470 1419 alii
491 1345 652 1418 dicantur
671 1343 715 1417 ad
736 1345 845 1418 vitam
870 1345 1093 1444 evigilaturi,
1125 1349 1188 1419 alii
1214 1350 1250 1420 in
1277 1369 1320 1420 ea

171 1467 288 1528 morte
309 1442 532 1540 relinquendi
555 1441 803 1536 &opprobrio
828 1439 968 1531 futuri,
1006 1441 1065 1517 sed
1088 1467 1156 1537 qua
1183 1444 1322 1518 ratione

173 1545 346 1644 improbi,
377 1543 411 1616 &
434 1542 573 1640 legum,
597 1537 658 1612 seu
673 1541 925 1638 adnegatores,
951 1541 1011 1616 seu
1031 1545 1158 1616 conoul
1172 1557 1321 1632 ratores,

173 1643 365 1740 improprie
390 1637 458 1712 dici
480 1651 609 1732 queant
630 1659 712 1710 cum
731 1641 796 1731 piis
817 1635 983 1731 oppressi,
1011 1637 1151 1734 dilsrpati
1169 1641 1201 1712 u
1217 1661 1321 1712 vexu-

175 1743 227 1831 ti,
252 1763 333 1815 cum
349 1737 443 1810 inter
457 1731 680 1830 oppressores
696 1735 812 1827 potius
827 1731 983 1822 fuerint,
1006 1737 1039 1808 dt
1055 1735 1319 1830 persecutores,

153 1881 154 1886 =
178 1841 212 1913 dt
234 1835 334 1913 finita
348 1835 376 1908 'o
404 1833 578 1930 pressione
595 1829 722 1920 deleti,
741 1831 809 1904 vix
823 1841 863 1906 at
878 1854 924 1906 ue
937 1833 998 1906 vix
1015 1834 1157 1927 quidem
1173 1833 1322 1946 percipi·

175 1952 245 2012 tur.
303 1959 337 2028 3.
396 1931 463 2006 aud
491 1929 815 2026 exiguum'pondus
836 1929 953 2019 addit,
986 1931 1080 2026 quod
1100 1931 1169 2028 ipse
1190 1930 1320 2005 Daniel

175 2033 324 2110 mortuis
345 2027 554 2116 tertuum,
588 2025 622 2097 u
644 2025 749 2100 instar
769 2024 943 2102 stellarum
963 2027 1160 2116 refulsuris,
1195 2051 1320 2103 acceu-

175 2131 289 2204 seatur
311 2125 398 2200 vers.
431 2147 482 2216 ¹3·
509 2123 558 2196 Et
583 2137 620 2196 tu
642 2127 686 2196 ita
710 2124 752 2194 ud
765 2119 889 2216 finem,
911 2121 966 2206 s?
981 2124 1319 2222 reqrtiescer&picrdr's

174 2231 211 2300 in
232 2225 322 2324 forn
344 2238 406 2315 ⁴tua
423 2219 492 2312 fine
515 2223 649 2290 dierum.
710 2215 951 2306 ‘Dormientesx
967 2221 1085 2312 ltaque
1109 2222 1142 2292 in
1169 2224 1318 2313 pulvere

174 2334 318 2420 oportet
342 2317 405 2392 itnt
429 2315 571 2408 proprie
593 2311 671 2384 disti
695 2313 846 2406 mortui,
877 2317 988 2407 qualis
1004 2315 1128 2389 Daniel
1144 2331 1217 2392 tum
1236 2317 1317 2393 suit.
1389 2331 1395 2340 '

198 2474 208 2495 .
223 2415 394 2504 Accedit,
419 2413 558 2488 inortuu'r
573 2423 665 2498 tuor,
690 2409 750 2482 seu
767 2409 854 2502 Dei,
879 2413 915 2484 in
934 2411 1120 2506 prophetia
1135 2415 1317 2506 parallelo,

171 2445 242 2614 ies.
265 2515 359 2590 xxva
387 2510 502 2604 primo
527 2507 625 2582 sensu
649 2505 717 2580 'elle
740 2524 930 2600 martyres,
959 2507 1057 2582 causa
1080 2507 1162 2582 fidei
1185 2514 1317 2586 &reli-

171 2608 297 2714 gionis¹
315 2606 469 2696 occisos,
503 2613 551 2680 'ut
578 2596 670 2677 reste
702 2603 755 2678 Cl.
788 2607 1059 2680 ('ommentrtor
1089 2607 1313 2695 observavit,

171 2705 311 2810 cadauer
334 2730 410 2780 veru
432 2702 599 2779 maamad
624 2699 734 2796 ipsum
762 2699 993 2796 Prophetam,
1021 2720 1108 2777 tunc
1123 2708 1250 2797 etiam,
1276 2721 1315 2780 ut

166 2807 227 2884 hie
245 2809 289 2885 de
309 2801 624 2890 Daniele'dicitur,
652 2797 943 2901 resuscitandum,
970 2799 1063 2874 reue
1080 2801 1226 2894 reserri3
1246 2824 1314 2880 nec

166 2899 235 2981 alio
258 2899 356 2983 sensu
382 2897 472 2994 testes
498 2901 652 2974 uerutus
675 2896 745 2988 Ap.
769 2915 815 2968 xr.
831 2918 883 2970 vac
904 2911 1063 2996 martyres
1087 2898 1156 2996 Ap.
1181 2921 1238 2976 xx.
1261 2921 1314 2972 re·

166 3000 385 3078 suscitandos.
407 2993 666 3089 representari:
693 2995 743 3066 uti
761 2985 1024 3096 aClrvitringa
1040 2995 1073 3070 u
1091 3000 1163 3072 aliis
1179 2999 1314 3086 dudum

168 3093 446 3174 demonstratum
462 3088 523 3164 est.
1290 3163 1292 3168 ,

216 3199 249 3288 §.
271 3185 428 3273 cctvt.
463 3185 699 3282 Intelligamus
720 3185 837 3278 itaque
860 3187 977 3280 primo
998 3189 1097 3263 sensu
1122 3213 1208 3266 vere
1232 3217 1314 3268 mur·

167 3305 257 3378 tvos,
286 3293 320 3362 dt
342 3284 429 3360 licut
453 3279 541 3374 vers.
568 3303 600 3356 r.
626 3281 670 3354 de
695 3283 829 3374 populo
853 3281 1056 3372 liberando,
1082 3287 1141 3378 qui
1157 3301 1244 3364 tunc
1262 3289 1315 3364 su·

74 3411 78 3420 ⁴
165 3385 346 3487 perelle't,
369 3383 419 3458 ita
442 3377 564 3456 nostro
580 3379 624 3454 de
639 3381 796 3464 moreau,
822 3379 969 3456 durante
990 3381 1186 3460 adlliiiione
1201 3405 1222 3456 e
1239 3407 1313 3460 mo·

167 3487 227 3563 dio
251 3481 416 3569 sublatis,
442 3479 519 3576 agi,
545 3495 741 3570 eorumque
762 3475 937 3556 diversam
955 3481 993 3554 in
1010 3477 1074 3554 hac
1091 3482 1211 3576 populi
1225 3480 1313 3554 libe.

166 3585 305 3661 ratione
329 3577 462 3654 sortem
484 3573 651 3664 describi,
683 3570 890 3666 statuamus,
915 3599 1066 3671 quorum
1089 3577 1145 3650 alii
1166 3581 1311 3652 reuiuis-

168 3695 297 3766 cerent,
322 3677 379 3750 alii
403 3677 440 3749 in
461 3669 635 3768 probroso
655 3667 745 3746 statu
768 3673 892 3747 mortis
916 3674 1205 3769 perseverarent,
1238 3679 1314 3769 illi,
1341 3683 1357 3762 J

168 3791 346 3874 quotquot
366 3773 450 3871 legis
473 3768 643 3846 studiosos
658 3766 730 3842 sese
745 3767 998 3864 prestiterant,
1025 3773 1058 3848 u
1075 3770 1181 3850 fidem
1196 3789 1314 3849 morte

169 3870 485 3962 confirmaverant,
513 3872 547 3945 lu·
560 3889 647 3945 vero
662 3883 838 3964 quotquot
853 3869 910 3943 vel
926 3870 1153 3966 defecerant,
1178 3873 1235 3946 vel
1251 3874 1315 3948 im-

727 3963 873 4042 Aaaaa
1153 3975 1155 3979 ’
1212 3971 1322 4069 piete-

1135 4096 1157 4128 ‘.
1258 4097 1273 4126 ·'l
