<?xml version="1.0" encoding="UTF-8"?>
<!DOCTYPE html PUBLIC "-//W3C//DTD XHTML 1.0 Transitional//EN"
    "http://www.w3.org/TR/xhtml1/DTD/xhtml1-transitional.dtd">
<html xmlns="http://www.w3.org/1999/xhtml" xml:lang="en" lang="en">
 <head>
  <title>
</title>
<meta http-equiv="Content-Type" content="text/html;charset=utf-8" />
  <meta name='ocr-system' content='tesseract 3.04.00' />
  <meta name='ocr-capabilities' content='ocr_page ocr_carea ocr_par ocr_line ocrx_word'/>
</head>
<body>
  <div class='ocr_page' id='page_1' title='image "./dissertationesa00venegoog_0031.png"; bbox 0 0 3518 4748; ppageno 0'>
   <div class='ocr_carea' id='block_1_1' title="bbox 352 359 1358 462">
    <p class='ocr_par' dir='ltr' id='par_1_1' title="bbox 352 359 1358 462">
     <span class='ocr_line' id='line_1_1' title="bbox 352 359 1358 462; baseline -0.006 -16"><span class='ocrx_word' id='word_1_1' title='bbox 352 391 416 446; x_wconf 69' lang='lat' dir='ltr'><strong>aa</strong></span> <span class='ocrx_word' id='word_1_2' title='bbox 465 367 830 447; x_wconf 78' lang='lat' dir='ltr'><strong>varrcrurn</strong></span> <span class='ocrx_word' id='word_1_3' title='bbox 879 359 1241 443; x_wconf 78' lang='lat' dir='ltr'><strong>uaurnnrs·</strong></span> <span class='ocrx_word' id='word_1_4' title='bbox 1314 383 1358 462; x_wconf 59' lang='grc' dir='ltr'><strong>ιγ</strong></span> 
     </span>
    </p>
   </div>
   <div class='ocr_carea' id='block_1_2' title="bbox 154 563 1445 3641">
    <p class='ocr_par' dir='ltr' id='par_1_2' title="bbox 195 563 1359 752">
     <span class='ocr_line' id='line_1_2' title="bbox 195 563 1359 658; baseline -0.005 -14"><span class='ocrx_word' id='word_1_5' title='bbox 195 587 261 644; x_wconf 80' lang='lat' dir='ltr'><strong>uro</strong></span> <span class='ocrx_word' id='word_1_6' title='bbox 293 566 518 654; x_wconf 81' lang='lat' dir='ltr'><strong>exhibeatur,</strong></span> <span class='ocrx_word' id='word_1_7' title='bbox 558 565 645 640; x_wconf 85' lang='lat' dir='ltr'><strong>ficut</strong></span> <span class='ocrx_word' id='word_1_8' title='bbox 675 565 773 654; x_wconf 88' lang='lat' dir='ltr'><strong>Leo,</strong></span> <span class='ocrx_word' id='word_1_9' title='bbox 813 565 959 658; x_wconf 92' lang='lat' dir='ltr'><strong>pedibus</strong></span> <span class='ocrx_word' id='word_1_10' title='bbox 979 563 1086 637; x_wconf 87' lang='lat' dir='ltr'><strong>instar</strong></span> <span class='ocrx_word' id='word_1_11' title='bbox 1107 563 1259 637; x_wconf 90' lang='lat' dir='ltr'><strong>hominis</strong></span> <span class='ocrx_word' id='word_1_12' title='bbox 1281 563 1359 637; x_wconf 84' lang='lat' dir='ltr'><strong>infi-</strong></span> 
     </span>
     <span class='ocr_line' id='line_1_3' title="bbox 201 660 1172 752; baseline -0.003 -14"><span class='ocrx_word' id='word_1_13' title='bbox 201 662 314 751; x_wconf 85' lang='lat' dir='ltr'><strong>stens,</strong></span> <span class='ocrx_word' id='word_1_14' title='bbox 340 665 484 752; x_wconf 84' lang='lat' dir='ltr'><strong>cuicor,</strong></span> <span class='ocrx_word' id='word_1_15' title='bbox 509 685 583 736; x_wconf 91' lang='lat' dir='ltr'><strong>non</strong></span> <span class='ocrx_word' id='word_1_16' title='bbox 596 664 797 748; x_wconf 86' lang='lat' dir='ltr'><strong>leoninum,</strong></span> <span class='ocrx_word' id='word_1_17' title='bbox 824 660 882 748; x_wconf 84' lang='lat' dir='ltr'><strong>sed</strong></span> <span class='ocrx_word' id='word_1_18' title='bbox 897 665 1072 734; x_wconf 80' lang='lat' dir='ltr'><strong>barranum</strong></span> <span class='ocrx_word' id='word_1_19' title='bbox 1087 677 1172 735; x_wconf 90' lang='lat' dir='ltr'><strong>erat.</strong></span> 
     </span>
    </p>

    <p class='ocr_par' dir='ltr' id='par_1_3' title="bbox 190 757 1445 1620">
     <span class='ocr_line' id='line_1_4' title="bbox 246 757 1355 854; baseline 0.002 -23"><span class='ocrx_word' id='word_1_20' title='bbox 246 759 405 850; x_wconf 84' lang='lat' dir='ltr'><strong>§.XVlL</strong></span> <span class='ocrx_word' id='word_1_21' title='bbox 437 757 700 852; x_wconf 88' lang='lat' dir='ltr'><strong>Acquiescimus</strong></span> <span class='ocrx_word' id='word_1_22' title='bbox 729 760 847 849; x_wconf 87' lang='lat' dir='ltr'><strong>itaque</strong></span> <span class='ocrx_word' id='word_1_23' title='bbox 878 759 914 830; x_wconf 93' lang='lat' dir='ltr'><strong>in</strong></span> <span class='ocrx_word' id='word_1_24' title='bbox 936 759 1078 854; x_wconf 85' lang='lat' dir='ltr'><strong>vulgata</strong></span> <span class='ocrx_word' id='word_1_25' title='bbox 1099 759 1289 852; x_wconf 89' lang='lat' dir='ltr'><strong>opinione,</strong></span> <span class='ocrx_word' id='word_1_26' title='bbox 1319 761 1355 833; x_wconf 82' lang='lat' dir='ltr'><strong>dt</strong></span> 
     </span>
     <span class='ocr_line' id='line_1_5' title="bbox 196 854 1354 952; baseline -0.003 -20"><span class='ocrx_word' id='word_1_27' title='bbox 196 879 308 932; x_wconf 88' lang='lat' dir='ltr'><strong>unum</strong></span> <span class='ocrx_word' id='word_1_28' title='bbox 331 857 493 952; x_wconf 87' lang='lat' dir='ltr'><strong>idemque</strong></span> <span class='ocrx_word' id='word_1_29' title='bbox 515 878 663 952; x_wconf 88' lang='lat' dir='ltr'><strong>regnum</strong></span> <span class='ocrx_word' id='word_1_30' title='bbox 676 855 929 946; x_wconf 77' lang='lat' dir='ltr'>Babylonicum</span> <span class='ocrx_word' id='word_1_31' title='bbox 942 869 1094 946; x_wconf 90' lang='lat' dir='ltr'><strong>utroque</strong></span> <span class='ocrx_word' id='word_1_32' title='bbox 1110 854 1183 942; x_wconf 90' lang='lat' dir='ltr'><strong>viso</strong></span> <span class='ocrx_word' id='word_1_33' title='bbox 1195 859 1354 949; x_wconf 85' lang='lat' dir='ltr'><strong>&#39;proponi</strong></span> 
     </span>
     <span class='ocr_line' id='line_1_6' title="bbox 193 950 1353 1044; baseline -0.006 -12"><span class='ocrx_word' id='word_1_34' title='bbox 193 952 449 1044; x_wconf 76' lang='lat' dir='ltr'><strong>existimamus,</strong></span> <span class='ocrx_word' id='word_1_35' title='bbox 475 955 523 1029; x_wconf 93' lang='lat' dir='ltr'><strong>ita</strong></span> <span class='ocrx_word' id='word_1_36' title='bbox 545 970 685 1040; x_wconf 87' lang='lat' dir='ltr'><strong>tamen,</strong></span> <span class='ocrx_word' id='word_1_37' title='bbox 710 967 750 1025; x_wconf 90' lang='lat' dir='ltr'><strong>ut</strong></span> <span class='ocrx_word' id='word_1_38' title='bbox 771 951 943 1044; x_wconf 88' lang='lat' dir='ltr'>posterius</span> <span class='ocrx_word' id='word_1_39' title='bbox 965 973 1041 1028; x_wconf 93' lang='lat' dir='ltr'><strong>non</strong></span> <span class='ocrx_word' id='word_1_40' title='bbox 1063 965 1198 1025; x_wconf 91' lang='lat' dir='ltr'><strong>tantum</strong></span> <span class='ocrx_word' id='word_1_41' title='bbox 1224 950 1353 1026; x_wconf 91' lang='lat' dir='ltr'><strong>confir-</strong></span> 
     </span>
     <span class='ocr_line' id='line_1_7' title="bbox 190 1048 1353 1145; baseline -0.005 -17"><span class='ocrx_word' id='word_1_42' title='bbox 190 1065 291 1140; x_wconf 82' lang='lat' dir='ltr'><strong>met,</strong></span> <span class='ocrx_word' id='word_1_43' title='bbox 324 1049 384 1124; x_wconf 91' lang='lat' dir='ltr'><strong>sed</strong></span> <span class='ocrx_word' id='word_1_44' title='bbox 404 1051 439 1125; x_wconf 74' lang='lat' dir='ltr'><strong>a</strong></span> <span class='ocrx_word' id='word_1_45' title='bbox 459 1073 555 1125; x_wconf 88' lang='lat' dir='ltr'><strong>nova</strong></span> <span class='ocrx_word' id='word_1_46' title='bbox 573 1052 654 1124; x_wconf 91' lang='lat' dir='ltr'><strong>luce</strong></span> <span class='ocrx_word' id='word_1_47' title='bbox 676 1048 868 1142; x_wconf 87' lang='lat' dir='ltr'><strong>perfundat</strong></span> <span class='ocrx_word' id='word_1_48' title='bbox 889 1049 1002 1140; x_wconf 88' lang='lat' dir='ltr'><strong>prius,</strong></span> <span class='ocrx_word' id='word_1_49' title='bbox 1036 1049 1232 1145; x_wconf 86' lang='lat' dir='ltr'><strong>&amp;regnum</strong></span> <span class='ocrx_word' id='word_1_50' title='bbox 1246 1049 1353 1136; x_wconf 88' lang='lat' dir='ltr'><strong>illud,</strong></span> 
     </span>
     <span class='ocr_line' id='line_1_8' title="bbox 195 1145 1358 1240; baseline -0.004 -19"><span class='ocrx_word' id='word_1_51' title='bbox 195 1147 295 1240; x_wconf 89' lang='lat' dir='ltr'><strong>quod</strong></span> <span class='ocrx_word' id='word_1_52' title='bbox 314 1149 352 1222; x_wconf 93' lang='lat' dir='ltr'><strong>in</strong></span> <span class='ocrx_word' id='word_1_53' title='bbox 366 1147 552 1240; x_wconf 87' lang='lat' dir='ltr'><strong>splendore</strong></span> <span class='ocrx_word' id='word_1_54' title='bbox 573 1169 614 1220; x_wconf 86' lang='lat' dir='ltr'><strong>ac</strong></span> <span class='ocrx_word' id='word_1_55' title='bbox 628 1147 788 1238; x_wconf 89' lang='lat' dir='ltr'><strong>potentia</strong></span> <span class='ocrx_word' id='word_1_56' title='bbox 803 1145 863 1218; x_wconf 86' lang='lat' dir='ltr'><strong>sua</strong></span> <span class='ocrx_word' id='word_1_57' title='bbox 874 1146 1066 1236; x_wconf 90' lang='lat' dir='ltr'><strong>inpriore,</strong></span> <span class='ocrx_word' id='word_1_58' title='bbox 1093 1147 1152 1217; x_wconf 94' lang='lat' dir='ltr'><strong>cui</strong></span> <span class='ocrx_word' id='word_1_59' title='bbox 1166 1147 1262 1237; x_wconf 91' lang='lat' dir='ltr'><strong>prior</strong></span> <span class='ocrx_word' id='word_1_60' title='bbox 1278 1167 1358 1237; x_wconf 83' lang='lat' dir='ltr'><strong>pare</strong></span> 
     </span>
     <span class='ocr_line' id='line_1_9' title="bbox 196 1240 1445 1332; baseline -0.003 -20"><span class='ocrx_word' id='word_1_61' title='bbox 196 1240 404 1332; x_wconf 87' lang='lat' dir='ltr'><strong>posterioris</strong></span> <span class='ocrx_word' id='word_1_62' title='bbox 428 1243 648 1314; x_wconf 83' lang='lat' dir='ltr'><strong>emblematis</strong></span> <span class='ocrx_word' id='word_1_63' title='bbox 673 1241 853 1325; x_wconf 88' lang='lat' dir='ltr'><strong>concinit,</strong></span> <span class='ocrx_word' id='word_1_64' title='bbox 884 1241 1065 1323; x_wconf 88' lang='lat' dir='ltr'><strong>occurrit,</strong></span> <span class='ocrx_word' id='word_1_65' title='bbox 1093 1241 1154 1308; x_wconf 90' lang='lat' dir='ltr'><strong>hic</strong></span> <span class='ocrx_word' id='word_1_66' title='bbox 1176 1242 1215 1309; x_wconf 89' lang='lat' dir='ltr'><strong>in</strong></span> <span class='ocrx_word' id='word_1_67' title='bbox 1238 1241 1359 1310; x_wconf 89' lang='lat' dir='ltr'><strong>condi·</strong></span> <span class='ocrx_word' id='word_1_68' title='bbox 1442 1243 1445 1247; x_wconf 83' lang='grc'>’</span> 
     </span>
     <span class='ocr_line' id='line_1_10' title="bbox 202 1330 1358 1422; baseline 0.002 -14"><span class='ocrx_word' id='word_1_69' title='bbox 202 1335 308 1408; x_wconf 86' lang='lat' dir='ltr'><strong>tione</strong></span> <span class='ocrx_word' id='word_1_70' title='bbox 328 1333 529 1422; x_wconf 83' lang='lat' dir='ltr'><strong>deteriore,</strong></span> <span class='ocrx_word' id='word_1_71' title='bbox 552 1333 592 1404; x_wconf 90' lang='lat' dir='ltr'><strong>in</strong></span> <span class='ocrx_word' id='word_1_72' title='bbox 614 1353 717 1422; x_wconf 89' lang='lat' dir='ltr'><strong>quam</strong></span> <span class='ocrx_word' id='word_1_73' title='bbox 736 1332 831 1402; x_wconf 87' lang='lat' dir='ltr'><strong>haud</strong></span> <span class='ocrx_word' id='word_1_74' title='bbox 852 1330 912 1400; x_wconf 88' lang='lat' dir='ltr'><strong>diu</strong></span> <span class='ocrx_word' id='word_1_75' title='bbox 931 1330 1010 1420; x_wconf 88' lang='lat' dir='ltr'><strong>post</strong></span> <span class='ocrx_word' id='word_1_76' title='bbox 1021 1330 1358 1410; x_wconf 86' lang='lat' dir='ltr'><strong>Nebucadnezareur</strong></span> 
     </span>
     <span class='ocr_line' id='line_1_11' title="bbox 199 1421 1358 1521; baseline -0.001 -18"><span class='ocrx_word' id='word_1_77' title='bbox 199 1427 381 1521; x_wconf 86' lang='lat' dir='ltr'><strong>delapsum</strong></span> <span class='ocrx_word' id='word_1_78' title='bbox 402 1428 472 1516; x_wconf 86' lang='lat' dir='ltr'><strong>est,</strong></span> <span class='ocrx_word' id='word_1_79' title='bbox 502 1427 711 1500; x_wconf 80' lang='lat' dir='ltr'><strong>delineatur.</strong></span> <span class='ocrx_word' id='word_1_80' title='bbox 763 1421 873 1520; x_wconf 85' lang='lat' dir='ltr'><strong>Quod</strong></span> <span class='ocrx_word' id='word_1_81' title='bbox 891 1444 958 1515; x_wconf 93' lang='lat' dir='ltr'><strong>per</strong></span> <span class='ocrx_word' id='word_1_82' title='bbox 968 1437 1086 1516; x_wconf 85' lang='lat' dir='ltr'><strong>partes</strong></span> <span class='ocrx_word' id='word_1_83' title='bbox 1102 1427 1297 1519; x_wconf 85' lang='lat' dir='ltr'><strong>explicare,</strong></span> <span class='ocrx_word' id='word_1_84' title='bbox 1322 1430 1358 1502; x_wconf 82' lang='lat' dir='ltr'><strong>dr</strong></span> 
     </span>
     <span class='ocr_line' id='line_1_12' title="bbox 195 1522 758 1620; baseline -0.005 -21"><span class='ocrx_word' id='word_1_85' title='bbox 195 1523 438 1600; x_wconf 85' lang='lat' dir='ltr'><strong>demonstrare</strong></span> <span class='ocrx_word' id='word_1_86' title='bbox 452 1522 648 1620; x_wconf 85' lang='lat' dir='ltr'><strong>adgredior.</strong></span> <span class='ocrx_word' id='word_1_87' title='bbox 753 1554 758 1568; x_wconf 91' lang='lat'>·</span> 
     </span>
    </p>

    <p class='ocr_par' dir='ltr' id='par_1_4' title="bbox 192 1616 1361 1904">
     <span class='ocr_line' id='line_1_13' title="bbox 238 1616 1354 1717; baseline 0.004 -27"><span class='ocrx_word' id='word_1_88' title='bbox 238 1624 277 1710; x_wconf 55' lang='grc' dir='ltr'><strong>ᾗ.</strong></span> <span class='ocrx_word' id='word_1_89' title='bbox 293 1617 424 1692; x_wconf 88' lang='lat' dir='ltr'><strong>XVlll.</strong></span> <span class='ocrx_word' id='word_1_90' title='bbox 449 1619 539 1692; x_wconf 90' lang='lat' dir='ltr'><strong>Corn</strong></span> <span class='ocrx_word' id='word_1_91' title='bbox 564 1619 695 1712; x_wconf 78' lang='lat' dir='ltr'><strong>duplex</strong></span> <span class='ocrx_word' id='word_1_92' title='bbox 714 1620 816 1717; x_wconf 84' lang='lat' dir='ltr'><strong>regni</strong></span> <span class='ocrx_word' id='word_1_93' title='bbox 836 1616 1018 1692; x_wconf 78' lang='lat' dir='ltr'><strong>Chaldaici</strong></span> <span class='ocrx_word' id='word_1_94' title='bbox 1027 1622 1179 1716; x_wconf 84' lang='lat' dir='ltr'><strong>periodus</strong></span> <span class='ocrx_word' id='word_1_95' title='bbox 1200 1623 1238 1697; x_wconf 90' lang='lat' dir='ltr'><strong>in</strong></span> <span class='ocrx_word' id='word_1_96' title='bbox 1257 1622 1354 1695; x_wconf 85' lang='lat' dir='ltr'><strong>hisce</strong></span> 
     </span>
     <span class='ocr_line' id='line_1_14' title="bbox 192 1715 1361 1904; baseline 0 -15"><span class='ocrx_word' id='word_1_97' title='bbox 192 1715 406 1889; x_wconf 60' lang='lat' dir='ltr'><strong>bledla</strong></span> <span class='ocrx_word' id='word_1_98' title='bbox 429 1715 521 1904; x_wconf 60' lang='lat' dir='ltr'><strong>iil?</strong></span> <span class='ocrx_word' id='word_1_99' title='bbox 547 1733 649 1886; x_wconf 53' lang='grc' dir='ltr'><em>Ἣ</em></span> <span class='ocrx_word' id='word_1_100' title='bbox 665 1716 779 1886; x_wconf 46' lang='lat' dir='ltr'><strong>llil</strong></span> <span class='ocrx_word' id='word_1_101' title='bbox 795 1715 947 1888; x_wconf 74' lang='lat' dir='ltr'><strong>ltttl</strong></span> <span class='ocrx_word' id='word_1_102' title='bbox 962 1717 1361 1889; x_wconf 56' lang='lat' dir='ltr'><strong>hallands*</strong></span> 
     </span>
    </p>

    <p class='ocr_par' dir='ltr' id='par_1_5' title="bbox 154 1862 1401 3641">
     <span class='ocr_line' id='line_1_15' title="bbox 576 1862 1356 1904; baseline 0.005 -4"><span class='ocrx_word' id='word_1_103' title='bbox 576 1862 589 1900; x_wconf 76' lang='lat' dir='ltr'><strong>r</strong></span> <span class='ocrx_word' id='word_1_104' title='bbox 1139 1870 1148 1888; x_wconf 92' lang='lat'><strong>·</strong></span> <span class='ocrx_word' id='word_1_105' title='bbox 1225 1865 1229 1874; x_wconf 84' lang='grc'><strong>’</strong></span> <span class='ocrx_word' id='word_1_106' title='bbox 1340 1865 1356 1904; x_wconf 74' lang='lat' dir='ltr'><strong>a</strong></span> 
     </span>
     <span class='ocr_line' id='line_1_16' title="bbox 193 1908 1354 2008; baseline 0 -24"><span class='ocrx_word' id='word_1_107' title='bbox 193 1933 301 2006; x_wconf 88' lang='lat' dir='ltr'><strong>quarn</strong></span> <span class='ocrx_word' id='word_1_108' title='bbox 321 1922 427 2002; x_wconf 91' lang='lat' dir='ltr'><strong>caput</strong></span> <span class='ocrx_word' id='word_1_109' title='bbox 449 1908 650 1986; x_wconf 86' lang='lat' dir='ltr'><strong>aureum&amp;</strong></span> <span class='ocrx_word' id='word_1_110' title='bbox 756 1960 771 2000; x_wconf 90' lang='lat'><strong>,</strong></span> <span class='ocrx_word' id='word_1_111' title='bbox 796 1911 955 2004; x_wconf 83' lang='lat' dir='ltr'><strong>aquilinis</strong></span> <span class='ocrx_word' id='word_1_112' title='bbox 968 1911 1030 1983; x_wconf 85' lang='lat' dir='ltr'><strong>alis</strong></span> <span class='ocrx_word' id='word_1_113' title='bbox 1044 1910 1203 2008; x_wconf 84' lang='lat' dir='ltr'><strong>inlignis,</strong></span> <span class='ocrx_word' id='word_1_114' title='bbox 1227 1933 1266 1984; x_wconf 89' lang='lat' dir='ltr'><strong>re</strong></span> <span class='ocrx_word' id='word_1_115' title='bbox 1293 1933 1354 1984; x_wconf 82' lang='lat' dir='ltr'><strong>rae·</strong></span> 
     </span>
     <span class='ocr_line' id='line_1_17' title="bbox 192 2004 1353 2101; baseline -0.002 -19"><span class='ocrx_word' id='word_1_116' title='bbox 192 2007 354 2096; x_wconf 79' lang='lat' dir='ltr'><strong>sentent,</strong></span> <span class='ocrx_word' id='word_1_117' title='bbox 378 2006 486 2080; x_wconf 80' lang='lat' dir='ltr'><strong>linea</strong></span> <span class='ocrx_word' id='word_1_118' title='bbox 500 2004 580 2080; x_wconf 87' lang='lat' dir='ltr'><strong>stmt</strong></span> <span class='ocrx_word' id='word_1_119' title='bbox 593 2005 789 2100; x_wconf 90' lang='lat' dir='ltr'><strong>sequentes.</strong></span> <span class='ocrx_word' id='word_1_120' title='bbox 838 2005 1011 2095; x_wconf 84' lang='lat' dir='ltr'><strong>Primam,</strong></span> <span class='ocrx_word' id='word_1_121' title='bbox 1025 2009 1120 2101; x_wconf 93' lang='lat' dir='ltr'><strong>quod</strong></span> <span class='ocrx_word' id='word_1_122' title='bbox 1135 2007 1244 2083; x_wconf 89' lang='lat' dir='ltr'><strong>seseo</strong></span> <span class='ocrx_word' id='word_1_123' title='bbox 1276 2021 1353 2098; x_wconf 83' lang='lat' dir='ltr'><strong>ert,</strong></span> 
     </span>
     <span class='ocr_line' id='line_1_18' title="bbox 191 2102 1354 2199; baseline -0.002 -19"><span class='ocrx_word' id='word_1_124' title='bbox 191 2105 321 2194; x_wconf 89' lang='lat' dir='ltr'><strong>babet,</strong></span> <span class='ocrx_word' id='word_1_125' title='bbox 352 2102 601 2185; x_wconf 69' lang='lat' dir='ltr'><strong>Monarchiani</strong></span> <span class='ocrx_word' id='word_1_126' title='bbox 622 2103 873 2198; x_wconf 78' lang='lat' dir='ltr'><strong>babylonicam</strong></span> <span class='ocrx_word' id='word_1_127' title='bbox 894 2103 962 2176; x_wconf 87' lang='lat' dir='ltr'><strong>elle</strong></span> <span class='ocrx_word' id='word_1_128' title='bbox 989 2106 1028 2178; x_wconf 92' lang='lat' dir='ltr'><strong>in</strong></span> <span class='ocrx_word' id='word_1_129' title='bbox 1056 2105 1181 2179; x_wconf 90' lang='lat' dir='ltr'><strong>ordine</strong></span> <span class='ocrx_word' id='word_1_130' title='bbox 1209 2105 1354 2199; x_wconf 88' lang='lat' dir='ltr'><strong>Monar-</strong></span> 
     </span>
     <span class='ocr_line' id='line_1_19' title="bbox 193 2199 1352 2298; baseline -0.003 -22"><span class='ocrx_word' id='word_1_131' title='bbox 193 2203 354 2276; x_wconf 86' lang='lat' dir='ltr'><strong>chiarum</strong></span> <span class='ocrx_word' id='word_1_132' title='bbox 366 2201 526 2276; x_wconf 87' lang='lat' dir='ltr'><strong>Orientis</strong></span> <span class='ocrx_word' id='word_1_133' title='bbox 537 2207 689 2296; x_wconf 67' lang='lat' dir='ltr'><strong>penam.</strong></span> <span class='ocrx_word' id='word_1_134' title='bbox 739 2200 846 2298; x_wconf 87' lang='lat' dir='ltr'><strong>Quo,</strong></span> <span class='ocrx_word' id='word_1_135' title='bbox 861 2216 902 2287; x_wconf 90' lang='lat' dir='ltr'><strong>ut</strong></span> <span class='ocrx_word' id='word_1_136' title='bbox 916 2215 1014 2294; x_wconf 81' lang='lat' dir='ltr'><strong>caput</strong></span> <span class='ocrx_word' id='word_1_137' title='bbox 1032 2201 1069 2274; x_wconf 91' lang='lat' dir='ltr'><strong>in</strong></span> <span class='ocrx_word' id='word_1_138' title='bbox 1082 2199 1191 2276; x_wconf 88' lang='lat' dir='ltr'><strong>statua</strong></span> <span class='ocrx_word' id='word_1_139' title='bbox 1203 2202 1352 2277; x_wconf 88' lang='lat' dir='ltr'><strong>manife-</strong></span> 
     </span>
     <span class='ocr_line' id='line_1_20' title="bbox 197 2294 1356 2387; baseline 0.001 -21"><span class='ocrx_word' id='word_1_140' title='bbox 197 2297 272 2378; x_wconf 68' lang='lat' dir='ltr'><strong>ste,</strong></span> <span class='ocrx_word' id='word_1_141' title='bbox 294 2294 343 2362; x_wconf 80' lang='lat' dir='ltr'><strong>sic</strong></span> <span class='ocrx_word' id='word_1_142' title='bbox 364 2295 431 2368; x_wconf 82' lang='lat' dir='ltr'><strong>Lao</strong></span> <span class='ocrx_word' id='word_1_143' title='bbox 455 2299 490 2367; x_wconf 80' lang='lat' dir='ltr'><strong>dc</strong></span> <span class='ocrx_word' id='word_1_144' title='bbox 508 2300 639 2387; x_wconf 81' lang='lat' dir='ltr'><strong>aquila,</strong></span> <span class='ocrx_word' id='word_1_145' title='bbox 663 2301 760 2386; x_wconf 77' lang='lat' dir='ltr'><strong>cujus</strong></span> <span class='ocrx_word' id='word_1_146' title='bbox 781 2298 843 2366; x_wconf 83' lang='lat' dir='ltr'><strong>alae</strong></span> <span class='ocrx_word' id='word_1_147' title='bbox 862 2297 920 2367; x_wconf 90' lang='lat' dir='ltr'><strong>hic</strong></span> <span class='ocrx_word' id='word_1_148' title='bbox 943 2297 1124 2384; x_wconf 85' lang='lat' dir='ltr'><strong>visuntur,</strong></span> <span class='ocrx_word' id='word_1_149' title='bbox 1156 2299 1356 2387; x_wconf 88' lang='lat' dir='ltr'><strong>occultius,</strong></span> 
     </span>
     <span class='ocr_line' id='line_1_21' title="bbox 198 2387 1358 2484; baseline 0.003 -25"><span class='ocrx_word' id='word_1_150' title='bbox 198 2388 290 2460; x_wconf 88' lang='lat' dir='ltr'><strong>licet</strong></span> <span class='ocrx_word' id='word_1_151' title='bbox 315 2403 390 2456; x_wconf 84' lang='lat' dir='ltr'><strong>non</strong></span> <span class='ocrx_word' id='word_1_152' title='bbox 410 2387 516 2480; x_wconf 86' lang='lat' dir='ltr'><strong>louge</strong></span> <span class='ocrx_word' id='word_1_153' title='bbox 540 2389 700 2475; x_wconf 83' lang='lat' dir='ltr'><strong>quaeute,</strong></span> <span class='ocrx_word' id='word_1_154' title='bbox 725 2392 872 2458; x_wconf 88' lang='lat' dir='ltr'><strong>ducunt.</strong></span> <span class='ocrx_word' id='word_1_155' title='bbox 921 2387 989 2459; x_wconf 82' lang='lat' dir='ltr'><strong>Leo</strong></span> <span class='ocrx_word' id='word_1_156' title='bbox 1011 2391 1277 2484; x_wconf 73' lang='lat' dir='ltr'><strong>enimdeaqaa&#39;la</strong></span> <span class='ocrx_word' id='word_1_157' title='bbox 1290 2391 1358 2482; x_wconf 85' lang='lat' dir='ltr'><strong>pri·</strong></span> 
     </span>
     <span class='ocr_line' id='line_1_22' title="bbox 197 2481 1360 2578; baseline 0.002 -20"><span class='ocrx_word' id='word_1_158' title='bbox 197 2493 421 2558; x_wconf 71' lang='lat' dir='ltr'><strong>maererent</strong></span> <span class='ocrx_word' id='word_1_159' title='bbox 441 2496 607 2573; x_wconf 83' lang='lat' dir='ltr'><strong>tanquam</strong></span> <span class='ocrx_word' id='word_1_160' title='bbox 627 2505 737 2578; x_wconf 82' lang='lat' dir='ltr'><strong>reges,</strong></span> <span class='ocrx_word' id='word_1_161' title='bbox 761 2482 820 2554; x_wconf 90' lang='lat' dir='ltr'><strong>ille</strong></span> <span class='ocrx_word' id='word_1_162' title='bbox 841 2481 935 2554; x_wconf 89' lang='lat' dir='ltr'><strong>inter</strong></span> <span class='ocrx_word' id='word_1_163' title='bbox 947 2486 1152 2571; x_wconf 82' lang='lat' dir='ltr'><strong>animantia,</strong></span> <span class='ocrx_word' id='word_1_164' title='bbox 1177 2487 1360 2560; x_wconf 81' lang='lat' dir='ltr'><strong>hacinter</strong></span> 
     </span>
     <span class='ocr_line' id='line_1_23' title="bbox 196 2575 1356 2678; baseline 0.003 -24"><span class='ocrx_word' id='word_1_165' title='bbox 196 2601 297 2654; x_wconf 80' lang='lat' dir='ltr'><strong>aves:</strong></span> <span class='ocrx_word' id='word_1_166' title='bbox 323 2576 418 2669; x_wconf 91' lang='lat' dir='ltr'><strong>quod</strong></span> <span class='ocrx_word' id='word_1_167' title='bbox 438 2577 483 2649; x_wconf 88' lang='lat' dir='ltr'><strong>de</strong></span> <span class='ocrx_word' id='word_1_168' title='bbox 505 2581 594 2650; x_wconf 81' lang='lat' dir='ltr'><strong>leone</strong></span> <span class='ocrx_word' id='word_1_169' title='bbox 614 2577 779 2652; x_wconf 88' lang='lat' dir='ltr'><strong>observat</strong></span> <span class='ocrx_word' id='word_1_170' title='bbox 795 2575 961 2651; x_wconf 89' lang='lat' dir='ltr'><strong>Bochart.</strong></span> <span class='ocrx_word' id='word_1_171' title='bbox 980 2577 1027 2652; x_wconf 90' lang='lat' dir='ltr'><strong>H.</strong></span> <span class='ocrx_word' id='word_1_172' title='bbox 1041 2601 1078 2672; x_wconf 91' lang='lat' dir='ltr'><strong>p.</strong></span> <span class='ocrx_word' id='word_1_173' title='bbox 1095 2601 1128 2652; x_wconf 87' lang='lat'><strong>1.</strong></span> <span class='ocrx_word' id='word_1_174' title='bbox 1142 2579 1166 2653; x_wconf 95' lang='lat' dir='ltr'><strong>l.</strong></span> <span class='ocrx_word' id='word_1_175' title='bbox 1183 2579 1264 2654; x_wconf 82' lang='lat' dir='ltr'><strong>rr&#39;r.</strong></span> <span class='ocrx_word' id='word_1_176' title='bbox 1280 2603 1356 2678; x_wconf 74' lang='lat' dir='ltr'><strong>cap:</strong></span> 
     </span>
     <span class='ocr_line' id='line_1_24' title="bbox 193 2673 1358 2771; baseline 0.006 -24"><span class='ocrx_word' id='word_1_177' title='bbox 193 2674 282 2766; x_wconf 53' lang='lat' dir='ltr'><strong>aa&amp;</strong></span> <span class='ocrx_word' id='word_1_178' title='bbox 304 2676 340 2747; x_wconf 91' lang='lat'><strong>6.</strong></span> <span class='ocrx_word' id='word_1_179' title='bbox 361 2673 405 2745; x_wconf 89' lang='lat' dir='ltr'><strong>de</strong></span> <span class='ocrx_word' id='word_1_180' title='bbox 429 2678 540 2770; x_wconf 82' lang='lat' dir='ltr'><strong>aquila</strong></span> <span class='ocrx_word' id='word_1_181' title='bbox 553 2673 604 2749; x_wconf 86' lang='lat' dir='ltr'><strong>Id</strong></span> <span class='ocrx_word' id='word_1_182' title='bbox 619 2675 702 2749; x_wconf 92' lang='lat' dir='ltr'><strong>ibid.</strong></span> <span class='ocrx_word' id='word_1_183' title='bbox 716 2700 751 2771; x_wconf 91' lang='lat' dir='ltr'><strong>p.</strong></span> <span class='ocrx_word' id='word_1_184' title='bbox 769 2697 825 2749; x_wconf 90' lang='lat'><strong>11.</strong></span> <span class='ocrx_word' id='word_1_185' title='bbox 842 2675 864 2748; x_wconf 83' lang='lat' dir='ltr'><strong>l</strong></span> <span class='ocrx_word' id='word_1_186' title='bbox 883 2695 938 2749; x_wconf 92' lang='lat'><strong>11.</strong></span> <span class='ocrx_word' id='word_1_187' title='bbox 954 2697 987 2750; x_wconf 94' lang='lat' dir='ltr'><strong>c.</strong></span> <span class='ocrx_word' id='word_1_188' title='bbox 1004 2697 1036 2749; x_wconf 91' lang='lat'><strong>1.</strong></span> <span class='ocrx_word' id='word_1_189' title='bbox 1052 2678 1150 2769; x_wconf 83' lang='lat' dir='ltr'><strong>cujus</strong></span> <span class='ocrx_word' id='word_1_190' title='bbox 1164 2679 1358 2754; x_wconf 90' lang='lat' dir='ltr'><strong>eruditioni</strong></span> 
     </span>
     <span class='ocr_line' id='line_1_25' title="bbox 154 2771 1401 2868; baseline 0.003 -21"><span class='ocrx_word' id='word_1_191' title='bbox 154 2791 158 2796; x_wconf 85' lang='lat'>·</span> <span class='ocrx_word' id='word_1_192' title='bbox 193 2772 230 2847; x_wconf 85' lang='lat' dir='ltr'><strong>dt</strong></span> <span class='ocrx_word' id='word_1_193' title='bbox 250 2771 436 2868; x_wconf 77' lang='lat' dir='ltr'><strong>diligentie</strong></span> <span class='ocrx_word' id='word_1_194' title='bbox 460 2793 593 2848; x_wconf 89' lang='lat' dir='ltr'><strong>vanum</strong></span> <span class='ocrx_word' id='word_1_195' title='bbox 614 2772 710 2846; x_wconf 90' lang='lat' dir='ltr'><strong>foret</strong></span> <span class='ocrx_word' id='word_1_196' title='bbox 731 2773 816 2867; x_wconf 92' lang='lat' dir='ltr'><strong>quid</strong></span> <span class='ocrx_word' id='word_1_197' title='bbox 839 2771 978 2848; x_wconf 86' lang='lat' dir='ltr'><strong>addere.</strong></span> <span class='ocrx_word' id='word_1_198' title='bbox 1042 2771 1082 2848; x_wconf 91' lang='lat' dir='ltr'><strong>ln</strong></span> <span class='ocrx_word' id='word_1_199' title='bbox 1103 2773 1218 2868; x_wconf 85' lang='lat' dir='ltr'><strong>specie</strong></span> <span class='ocrx_word' id='word_1_200' title='bbox 1238 2778 1297 2850; x_wconf 89' lang='lat' dir='ltr'><strong>hic</strong></span> <span class='ocrx_word' id='word_1_201' title='bbox 1310 2776 1356 2850; x_wconf 85' lang='lat' dir='ltr'><strong>de</strong></span> <span class='ocrx_word' id='word_1_202' title='bbox 1400 2819 1401 2824; x_wconf 12' lang='grc' dir='ltr'><strong><em>Ν</em></strong></span> 
     </span>
     <span class='ocr_line' id='line_1_26' title="bbox 195 2867 1352 2968; baseline 0.01 -28"><span class='ocrx_word' id='word_1_203' title='bbox 195 2867 472 2948; x_wconf 77' lang='lat' dir='ltr'><strong>Nehaadoazare</strong></span> <span class='ocrx_word' id='word_1_204' title='bbox 493 2867 548 2942; x_wconf 89' lang='lat' dir='ltr'><strong>est</strong></span> <span class='ocrx_word' id='word_1_205' title='bbox 566 2869 815 2968; x_wconf 85' lang='lat' dir='ltr'><strong>cogitandum,</strong></span> <span class='ocrx_word' id='word_1_206' title='bbox 852 2887 893 2944; x_wconf 88' lang='lat' dir='ltr'><strong>ut</strong></span> <span class='ocrx_word' id='word_1_207' title='bbox 917 2869 1045 2944; x_wconf 89' lang='lat' dir='ltr'><strong>diserte</strong></span> <span class='ocrx_word' id='word_1_208' title='bbox 1065 2871 1193 2946; x_wconf 87' lang='lat' dir='ltr'><strong>Daniel</strong></span> <span class='ocrx_word' id='word_1_209' title='bbox 1214 2874 1352 2952; x_wconf 84' lang='lat' dir='ltr'><strong>adserit.</strong></span> 
     </span>
     <span class='ocr_line' id='line_1_27' title="bbox 197 2962 1356 3063; baseline 0.006 -29"><span class='ocrx_word' id='word_1_210' title='bbox 197 2962 338 3038; x_wconf 89' lang='lat' dir='ltr'><strong>Verum</strong></span> <span class='ocrx_word' id='word_1_211' title='bbox 358 2965 503 3058; x_wconf 89' lang='lat' dir='ltr'><strong>quidem</strong></span> <span class='ocrx_word' id='word_1_212' title='bbox 523 2965 593 3055; x_wconf 91' lang='lat' dir='ltr'><strong>est,</strong></span> <span class='ocrx_word' id='word_1_213' title='bbox 629 2967 847 3062; x_wconf 82' lang='lat' dir='ltr'><strong>Allyriacam</strong></span> <span class='ocrx_word' id='word_1_214' title='bbox 867 2968 1115 3043; x_wconf 86' lang='lat' dir='ltr'><strong>Monarchiam</strong></span> <span class='ocrx_word' id='word_1_215' title='bbox 1134 2970 1356 3063; x_wconf 80' lang='lat' dir='ltr'><strong>praecelhffe,</strong></span> 
     </span>
     <span class='ocr_line' id='line_1_28' title="bbox 198 3057 1356 3160; baseline 0.006 -27"><span class='ocrx_word' id='word_1_216' title='bbox 198 3058 235 3133; x_wconf 86' lang='lat' dir='ltr'><strong>dt</strong></span> <span class='ocrx_word' id='word_1_217' title='bbox 255 3057 586 3153; x_wconf 85' lang='lat' dir='ltr'><strong>Nabopolailarem,</strong></span> <span class='ocrx_word' id='word_1_218' title='bbox 617 3082 752 3157; x_wconf 89' lang='lat' dir='ltr'><strong>patrem</strong></span> <span class='ocrx_word' id='word_1_219' title='bbox 773 3064 1104 3153; x_wconf 85' lang='lat' dir='ltr'><strong>Nebucadnezaris‚</strong></span> <span class='ocrx_word' id='word_1_220' title='bbox 1136 3069 1288 3160; x_wconf 88' lang='lat' dir='ltr'><strong>primurn</strong></span> <span class='ocrx_word' id='word_1_221' title='bbox 1305 3070 1356 3159; x_wconf 88' lang='lat' dir='ltr'><strong>je·</strong></span> 
     </span>
     <span class='ocr_line' id='line_1_29' title="bbox 199 3153 1353 3254; baseline -0.003 -10"><span class='ocrx_word' id='word_1_222' title='bbox 199 3153 284 3231; x_wconf 67' lang='lat' dir='ltr'><strong>cisse</strong></span> <span class='ocrx_word' id='word_1_223' title='bbox 300 3156 400 3250; x_wconf 65' lang='lat' dir='ltr'><strong>segni</strong></span> <span class='ocrx_word' id='word_1_224' title='bbox 412 3157 636 3244; x_wconf 72' lang='lat' dir='ltr'><strong>babylonici,</strong></span> <span class='ocrx_word' id='word_1_225' title='bbox 663 3178 831 3254; x_wconf 83' lang='lat' dir='ltr'><strong>tanquam</strong></span> <span class='ocrx_word' id='word_1_226' title='bbox 844 3163 1086 3250; x_wconf 87' lang='lat' dir='ltr'><strong>Monarchici,</strong></span> <span class='ocrx_word' id='word_1_227' title='bbox 1110 3163 1353 3240; x_wconf 83' lang='lat' dir='ltr'><strong>fundamenta.</strong></span> 
     </span>
     <span class='ocr_line' id='line_1_30' title="bbox 198 3249 1357 3355; baseline 0.004 -24"><span class='ocrx_word' id='word_1_228' title='bbox 198 3253 269 3331; x_wconf 83' lang='lat' dir='ltr'><strong>Sed</strong></span> <span class='ocrx_word' id='word_1_229' title='bbox 289 3250 377 3324; x_wconf 93' lang='lat' dir='ltr'><strong>illud</strong></span> <span class='ocrx_word' id='word_1_230' title='bbox 397 3272 475 3325; x_wconf 90' lang='lat' dir='ltr'><strong>non</strong></span> <span class='ocrx_word' id='word_1_231' title='bbox 495 3249 660 3338; x_wconf 88' lang='lat' dir='ltr'><strong>impedit,</strong></span> <span class='ocrx_word' id='word_1_232' title='bbox 685 3259 869 3343; x_wconf 84' lang='lat' dir='ltr'><strong>quominus</strong></span> <span class='ocrx_word' id='word_1_233' title='bbox 884 3261 918 3331; x_wconf 75' lang='grc' dir='ltr'><strong>δι</strong></span> <span class='ocrx_word' id='word_1_234' title='bbox 934 3283 1083 3355; x_wconf 85' lang='lat' dir='ltr'><strong>regnum</strong></span> <span class='ocrx_word' id='word_1_235' title='bbox 1097 3259 1357 3353; x_wconf 79' lang='lat' dir='ltr'><strong>babylonicum</strong></span> 
     </span>
     <span class='ocr_line' id='line_1_31' title="bbox 198 3345 1356 3446; baseline 0.003 -24"><span class='ocrx_word' id='word_1_236' title='bbox 198 3373 265 3442; x_wconf 91' lang='lat' dir='ltr'><strong>pro</strong></span> <span class='ocrx_word' id='word_1_237' title='bbox 284 3353 393 3442; x_wconf 86' lang='lat' dir='ltr'><strong>prima</strong></span> <span class='ocrx_word' id='word_1_238' title='bbox 413 3345 648 3433; x_wconf 87' lang='lat' dir='ltr'><strong>Monarchia,</strong></span> <span class='ocrx_word' id='word_1_239' title='bbox 675 3347 707 3418; x_wconf 82' lang='lat' dir='ltr'><strong>dt</strong></span> <span class='ocrx_word' id='word_1_240' title='bbox 723 3347 998 3428; x_wconf 86' lang='lat' dir='ltr'><strong>Nebucadnezar</strong></span> <span class='ocrx_word' id='word_1_241' title='bbox 1012 3363 1194 3446; x_wconf 82' lang='lat' dir='ltr'><strong>propriora</strong></span> <span class='ocrx_word' id='word_1_242' title='bbox 1212 3357 1356 3426; x_wconf 90' lang='lat' dir='ltr'><strong>Monar-</strong></span> 
     </span>
     <span class='ocr_line' id='line_1_32' title="bbox 201 3440 1357 3545; baseline 0.005 -29"><span class='ocrx_word' id='word_1_243' title='bbox 201 3444 268 3517; x_wconf 85' lang='lat' dir='ltr'><strong>cha</strong></span> <span class='ocrx_word' id='word_1_244' title='bbox 296 3443 486 3532; x_wconf 84' lang='lat' dir='ltr'><strong>habeatur,</strong></span> <span class='ocrx_word' id='word_1_245' title='bbox 526 3440 600 3518; x_wconf 85' lang='lat' dir='ltr'><strong>srse</strong></span> <span class='ocrx_word' id='word_1_246' title='bbox 612 3441 737 3539; x_wconf 84' lang='lat' dir='ltr'><strong>scopas·</strong></span> <span class='ocrx_word' id='word_1_247' title='bbox 753 3443 880 3516; x_wconf 89' lang='lat' dir='ltr'><strong>horum</strong></span> <span class='ocrx_word' id='word_1_248' title='bbox 900 3449 1085 3532; x_wconf 78' lang='lat' dir='ltr'><strong>visonrm,</strong></span> <span class='ocrx_word' id='word_1_249' title='bbox 1122 3447 1196 3516; x_wconf 86' lang='lat' dir='ltr'><strong>five</strong></span> <span class='ocrx_word' id='word_1_250' title='bbox 1218 3469 1269 3520; x_wconf 87' lang='lat' dir='ltr'><strong>res</strong></span> <span class='ocrx_word' id='word_1_251' title='bbox 1289 3449 1357 3545; x_wconf 82' lang='lat' dir='ltr'><strong>ipsa</strong></span> 
     </span>
     <span class='ocr_line' id='line_1_33' title="bbox 200 3537 1357 3641; baseline 0.001 -25"><span class='ocrx_word' id='word_1_252' title='bbox 200 3537 387 3635; x_wconf 72' lang='lat' dir='ltr'><strong>spetletur.</strong></span> <span class='ocrx_word' id='word_1_253' title='bbox 444 3541 563 3635; x_wconf 82' lang='lat' dir='ltr'><strong>Scopas</strong></span> <span class='ocrx_word' id='word_1_254' title='bbox 583 3539 661 3627; x_wconf 91' lang='lat' dir='ltr'><strong>cst,</strong></span> <span class='ocrx_word' id='word_1_255' title='bbox 692 3538 821 3633; x_wconf 81' lang='lat' dir='ltr'><strong>futoro</strong></span> <span class='ocrx_word' id='word_1_256' title='bbox 849 3541 1135 3634; x_wconf 78' lang='lat' dir='ltr'><strong>praemonstrare,</strong></span> <span class='ocrx_word' id='word_1_257' title='bbox 1175 3566 1250 3637; x_wconf 84' lang='lat' dir='ltr'><strong>quae</strong></span> <span class='ocrx_word' id='word_1_258' title='bbox 1276 3547 1357 3641; x_wconf 81' lang='lat' dir='ltr'><strong>post</strong></span> 
     </span>
    </p>
   </div>
   <div class='ocr_carea' id='block_1_3' title="bbox 46 3636 1355 3738">
    <p class='ocr_par' dir='ltr' id='par_1_6' title="bbox 46 3636 1355 3738">
     <span class='ocr_line' id='line_1_34' title="bbox 46 3636 1355 3738; baseline 0.008 -28"><span class='ocrx_word' id='word_1_259' title='bbox 46 3641 52 3648; x_wconf 82' lang='grc'><strong>’</strong></span> <span class='ocrx_word' id='word_1_260' title='bbox 199 3636 535 3712; x_wconf 85' lang='lat' dir='ltr'><strong>Nebucadnezarem</strong></span> <span class='ocrx_word' id='word_1_261' title='bbox 556 3640 780 3727; x_wconf 86' lang='lat' dir='ltr'><strong>acciderent,</strong></span> <span class='ocrx_word' id='word_1_262' title='bbox 812 3654 854 3712; x_wconf 92' lang='lat' dir='ltr'><strong>ut</strong></span> <span class='ocrx_word' id='word_1_263' title='bbox 879 3660 921 3712; x_wconf 89' lang='lat' dir='ltr'><strong>ex</strong></span> <span class='ocrx_word' id='word_1_264' title='bbox 943 3663 976 3714; x_wconf 88' lang='lat' dir='ltr'><strong>c.</strong></span> <span class='ocrx_word' id='word_1_265' title='bbox 1004 3659 1059 3712; x_wconf 88' lang='lat'><strong>11:</strong></span> <span class='ocrx_word' id='word_1_266' title='bbox 1084 3642 1139 3728; x_wconf 80' lang='lat' dir='ltr'><strong>as,</strong></span> <span class='ocrx_word' id='word_1_267' title='bbox 1164 3663 1221 3732; x_wconf 84' lang='lat'><strong>45.</strong></span> <span class='ocrx_word' id='word_1_268' title='bbox 1236 3660 1355 3738; x_wconf 78' lang='lat' dir='ltr'><strong>patet,</strong></span> 
     </span>
    </p>
   </div>
   <div class='ocr_carea' id='block_1_4' title="bbox 197 3734 1391 4029">
    <p class='ocr_par' dir='ltr' id='par_1_7' title="bbox 197 3734 1391 4029">
     <span class='ocr_line' id='line_1_35' title="bbox 199 3734 1359 3830; baseline 0.004 -22"><span class='ocrx_word' id='word_1_269' title='bbox 199 3735 383 3828; x_wconf 86' lang='lat' dir='ltr'><strong>adeoque,</strong></span> <span class='ocrx_word' id='word_1_270' title='bbox 408 3735 508 3808; x_wconf 89' lang='lat' dir='ltr'><strong>srvel</strong></span> <span class='ocrx_word' id='word_1_271' title='bbox 521 3751 622 3811; x_wconf 87' lang='lat' dir='ltr'><strong>antea</strong></span> <span class='ocrx_word' id='word_1_272' title='bbox 643 3735 817 3830; x_wconf 70' lang='lat' dir='ltr'><strong>eiusmodi</strong></span> <span class='ocrx_word' id='word_1_273' title='bbox 834 3734 977 3812; x_wconf 82' lang='lat' dir='ltr'><strong>fttilient</strong></span> <span class='ocrx_word' id='word_1_274' title='bbox 992 3735 1255 3813; x_wconf 84' lang='lat' dir='ltr'><strong>Monarchiae&amp;</strong></span> <span class='ocrx_word' id='word_1_275' title='bbox 1272 3743 1359 3815; x_wconf 77' lang='lat' dir='ltr'><strong>Mo-¹</strong></span> 
     </span>
     <span class='ocr_line' id='line_1_36' title="bbox 197 3830 1391 3953; baseline 0.003 -44"><span class='ocrx_word' id='word_1_276' title='bbox 197 3833 359 3924; x_wconf 85' lang='lat' dir='ltr'><strong>narchae,</strong></span> <span class='ocrx_word' id='word_1_277' title='bbox 384 3830 668 3927; x_wconf 82' lang='lat' dir='ltr'><strong>Nehaaodoazar,</strong></span> <span class='ocrx_word' id='word_1_278' title='bbox 694 3834 790 3912; x_wconf 88' lang='lat' dir='ltr'><strong>unde</strong></span> <span class='ocrx_word' id='word_1_279' title='bbox 811 3835 947 3928; x_wconf 85' lang='lat' dir='ltr'><strong>epocha</strong></span> <span class='ocrx_word' id='word_1_280' title='bbox 966 3833 1176 3930; x_wconf 85' lang='lat' dir='ltr'><strong>Prophetica</strong></span> <span class='ocrx_word' id='word_1_281' title='bbox 1196 3837 1357 3953; x_wconf 81' lang='lat' dir='ltr'><strong>ducitur,</strong></span> <span class='ocrx_word' id='word_1_282' title='bbox 1389 3931 1391 3938; x_wconf 15' lang='lat' dir='ltr'>y</span> 
     </span>
     <span class='ocr_line' id='line_1_37' title="bbox 1227 3949 1355 4029; baseline 0.008 -23"><span class='ocrx_word' id='word_1_283' title='bbox 1227 3949 1355 4029; x_wconf 75' lang='lat' dir='ltr'><strong>primas</strong></span> 
     </span>
    </p>
   </div>
   <div class='ocr_carea' id='block_1_5' title="bbox 0 0 1764 4748">
    <p class='ocr_par' dir='ltr' id='par_1_8' title="bbox 0 0 1764 4748">
     <span class='ocr_line' id='line_1_38' title="bbox 0 0 1764 4748; baseline 0 0"><span class='ocrx_word' id='word_1_284' title='bbox 0 0 1764 4748; x_wconf 95' lang='lat' dir='ltr'><strong> </strong></span> 
     </span>
    </p>
   </div>
  </div>
 </body>
</html>
