3456 4784
316 443 467 521 ‚4ffl
569 399 1382 528 commemorares

394 595 588 676 ceperunt,
615 578 673 653 sed
694 579 826 669 majore
849 574 1000 672 emphali
1023 583 1091 652 κατ’
1114 573 1221 670 ἐξοχὴν
1244 573 1290 650 lic
1308 571 1388 647 diiii
1404 575 1542 670 genuini

396 679 622 765 effraiiores,
648 677 708 769 qui
722 697 848 772 eorum
863 675 1072 771 imaginem,
1098 671 1204 746 instar
1220 671 1396 756 filiorum,
1421 669 1541 744 exacte

396 777 570 850 referunt.
619 771 700 870 Qua
717 773 870 865 emphasi
889 793 1018 868 augere
1035 771 1138 842 liceat
1154 771 1304 862 plurima
1319 767 1419 857 loca,
1446 789 1466 838 a
1484 765 1545 840 Vi·

395 877 442 948 tis
467 871 573 945 docbis
594 869 711 942 citata.
761 867 870 966 Quod
888 871 1000 942 verbo
1015 865 1164 964 tetigiffe
1181 865 1373 942 suffecerit.
1424 861 1545 960 Effra-

396 972 512 1056 bores,
539 967 597 1041 vel
616 967 842 1062 perceptores,
869 955 1020 1056 den,
1046 968 1145 1054 cujus
1166 964 1289 1038 radicis
1316 990 1372 1066 pio
1388 965 1546 1056 proprie·

397 1055 521 1143 tas'est
536 1061 681 1158 findere,
707 1085 788 1137 com
813 1065 1006 1134 laceratione
1020 1059 1203 1158 frangere,
1235 1059 1371 1137 &ulus
1388 1059 1546 1154 specialis
1659 1097 1679 1158 g

396 1167 434 1238 in
459 1165 596 1236 obicibus
605 1155 802 1256 perfraibir,
828 1158 887 1233 seu
902 1160 1020 1257 aquis,
1045 1177 1153 1252 rupto
1169 1159 1292 1246 obice,
1310 1179 1545 1251 prorumpen·

398 1263 490 1336 tibus
507 1309 519 1348 ,
544 1259 577 1330 u
595 1255 665 1330 sese
680 1255 967 1345 effundentibus,
992 1257 1088 1330 unde
1103 1256 1192 1330 varii
1208 1259 1286 1332 usus
1301 1255 1545 1344 extitere,·de

398 1381 470 1453 quo
491 1354 724 1430 consulendus
746 1353 797 1427 est
817 1353 870 1428 Cl.
893 1353 1079 1428 Schultens
1100 1376 1147 1444 a,
1185 1376 1260 1428 non
1281 1351 1345 1430 soli
1368 1353 1545 1442 latrones,

398 1455 514 1530 omnis
535 1452 623 1544 juris
652 1472 693 1524 ac
717 1452 807 1546 aequi
828 1452 1111 1544 proetereuntes,
1138 1451 1198 1544 qui
1220 1451 1339 1526 omnia
1361 1450 1481 1546 legum
1495 1467 1547 1522 re·

401 1552 527 1648 pagula
542 1564 795 1644 perrumpunt,
816 1548 1058 1642 adpellantur,
1074 1547 1131 1621 sed
1151 1549 1185 1622 dc
1201 1547 1239 1622 in
1250 1567 1384 1645 genere
1397 1547 1547 1636 divites,

400 1647 435 1724 ἂ
457 1663 650 1744 potentes,
674 1646 809 1740 prolixa
831 1645 866 1718 dt
886 1644 1009 1722 diffusa
1029 1645 1135 1742 stirpe
1155 1645 1346 1734 florentes,
1377 1645 1550 1720 libertatis

402 1745 439 1817 in
463 1742 583 1840 primis
607 1743 828 1835 cupidiores,
855 1765 960 1836 quam
982 1759 1022 1818 ut
1038 1743 1217 1818 servitutis
1233 1742 1304 1817 sese
1320 1741 1481 1816 cancellis
1494 1743 1552 1815 in·

403 1841 497 1914 c'ludi
521 1839 717 1934 patiantur,
756 1837 955 1912 fervidioris
977 1841 1083 1918 etiam
1108 1840 1216 1916 animi
1244 1839 1334 1929 viri,
1364 1838 1423 1932 qui
1443 1836 1549 1931 operi

403 1937 535 2034 magnis
561 1935 683 2009 animis
698 1935 879 2016 &viribus
895 1933 1046 2026 instant,
1072 1937 1225 2030 denique
1238 1936 1406 2030 intrepidi
1421 1936 1456 2010 dt
1470 1933 1546 2008 for·

401 2049 476 2123 tes,
487 2032 545 2126 qui
560 2053 624 2126 per
640 2031 758 2106 omnia
773 2031 977 2128 pericula&
993 2032 1172 2108 obstacula
1185 2047 1430 2128 perrumpunt.
1447 2030 1550 2132 Quo·

402 2152 480 2205 rum
503 2131 638 2222 aliquos
661 2128 762 2218 usus,
789 2143 830 2202 ut
849 2131 1059 2224 erumpendi
1075 2131 1459 2226 copradtmubitultne,
1483 2133 1550 2227 opi·

402 2233 485 2317 bur,
512 2227 545 2300 dr
564 2227 816 2321 prorumpendi
822 2224 1004 2319 stubiomc
1019 2229 1254 2304 vehementer
1266 2225 1441 2317 instandi,
1458 2223 1551 2303 Coc·

402 2327 499 2416 cejus
515 2330 530 2386 b
544 2325 689 2420 adtigit,
714 2323 928 2398 &uberiore
943 2325 1022 2398 luce
1038 2322 1197 2419 perfudit
1209 2325 1397 2401 Schulteua
1410 2326 1548 2418 c,ejus·

402 2445 470 2522 que
491 2419 634 2518 vestigia
654 2442 818 2516 premens
841 2421 930 2508 Rev.
951 2421 1056 2497 [erte
1079 2423 1107 2496 d.
1166 2421 1331 2501 Proxime
1352 2423 1551 2499 concinunt

343 2587 371 2615 Ι,
401 2525 515 2610 bruce>
536 2519 641 2592 Matr.
665 2538 711 2590 ur:
737 2539 791 2592 12.
819 2526 874 2612 qui
891 2542 1028 2613 reguum
1046 2524 1192 2610 celorum
1208 2525 1355 2616 rapiunt.
1405 2517 1552 2614 Perrup-

335 2613 341 2621 ’
361 2645 365 2652 ·
403 2631 485 2688 tores
506 2616 624 2708 itaque
640 2614 710 2686 hoc
727 2613 809 2688 loco
826 2613 893 2690 sint
909 2617 1068 2708 potentia
1081 2619 1113 2691 dt
1127 2616 1233 2710 stirpe
1251 2617 1435 2711 conspicui
1451 2617 1551 2702 viri,

400 2731 529 2808 magno
548 2709 704 2801 fortique
719 2712 836 2786 animo
852 2713 1007 2804 praediti,
1033 2715 1209 2794 servitutis
1225 2715 1471 2808 inpatientes,
1489 2715 1551 2808 qui

402 2807 473 2882 sese
497 2809 533 2880 in
548 2808 747 2880 libertatem
758 2808 1000 2906 ingenteausu
1015 2811 1215 2899 vindicare,
1231 2813 1264 2883 δι
1280 2834 1342 2904 per
1357 2811 1474 2886 omnia
1487 2830 1544 2884 re-

401 2905 525 2998 pagula
548 2923 779 2995 prorumpere
800 2905 1006 2980 moliuntur.
1057 2905 1140 3006 Quo
1161 2909 1262 2982 sensu
1276 2907 1339 3003 ipli
1353 2906 1545 2981 Maccabei

400 3001 509 3079 duces
529 3000 637 3072 titulo
660 3025 718 3098 pie
733 3017 778 3074 ex
798 3003 1051 3079 nonnullorum
1074 3005 1264 3098 opinione,
1298 3007 1382 3079 licet
1404 3027 1478 3080 non
1501 3024 1549 3079 ex

400 3117 498 3184 mea,
524 3093 753 3192 insigniuntur
774 3095 885 3172 Mich.
915 3116 970 3173 11:
994 3121 1047 3192 13.
1074 3100 1117 3174 de
1132 3126 1202 3196 quo
1219 3104 1310 3178 alias.
1364 3101 1464 3177 Deus
1479 3101 1547 3176 uti·

401 3215 470 3286 que
501 3195 718 3286 reprimere,
753 3194 788 3267 dt
813 3194 1014 3290 dirumpere
1035 3197 1163 3275 dicitur
1186 3199 1304 3274 hostes
1329 3201 1455 3296 populi
1476 3199 1546 3272 hoc

399 3291 477 3386 ipso
498 3294 611 3366 verbo
636 3313 655 3364 2
680 3292 770 3368 Sam.
788 3313 825 3367 v.
842 3315 899 3368 ee.
926 3292 1029 3386 instar
1051 3291 1230 3394 eruptionis
1245 3321 1418 3394 aquarum.
1467 3292 1545 3372 Filii

399 3389 517 3482 itaque
536 3403 763 3486 perruprerum
791 3390 897 3468 iidem
926 3391 1004 3466 fere
1027 3391 1126 3484 sunt,
1153 3395 1212 3489 qui
1232 3397 1383 3470 notabili
1404 3395 1440 3468 in
1460 3395 1548 3468 loco

401 3485 512 3563 Num.
534 3510 628 3564 xxiv:
657 3508 712 3581 17.
734 3503 831 3564 noua
852 3487 1092 3583 adpellantur,
1118 3488 1272 3583 nonfilii
1289 3493 1385 3580 Serb,
1412 3489 1545 3566 utvul·

372 3667 374 3670 ,
399 3607 472 3682 go,
499 3585 595 3680 quod
616 3585 751 3660 nullum
775 3586 893 3661 fundit
915 3589 1133 3666 tolerabilem
1150 3587 1306 3677 sensum,
1332 3587 1465 3663 sedvel
1483 3593 1544 3661 iur-

396 3680 589 3778 presfionis,
605 3683 730 3759 a'rad.
751 3707 837 3775 nro,
863 3706 940 3779 quae
959 3706 1027 3778 pro
1050 3687 1109 3761 tali
1131 3685 1267 3781 impetu
1285 3686 1473 3780 aliquando
1490 3682 1541 3800 su·

438 3825 440 3830 .
562 3833 564 3838 Ι
1204 3815 1205 3819 ’
1444 3805 1447 3810 “
1480 3803 1546 3860 ml·

439 3925 597 4002 oadJob.
625 3945 721 3991 1:10.
841 3925 1011 4007 bipLex.'
1103 3929 1259 4012 cadJob.
1284 3948 1379 3994 1:10.

433 4001 504 4062 lad
525 4004 589 4082 Jud.
612 4022 640 4064 v:
665 4022 690 4080 7.
