3462 4770
386 403 487 540 '24⁶
588 411 1398 510 orssnurarronns

415 643 488 714 tat,
522 621 706 710 Attalum,
740 640 810 713 prae
839 616 983 710 reliquis
1014 625 1201 706 potentem
1227 609 1385 708 Pergami
1414 625 1568 710 regem,

407 723 546 798 dissum
575 717 675 791 fuisse
699 718 743 791 ab
761 715 904 791 oraculo
929 709 1134 808 respirarem
1166 725 1206 782 ut
1228 729 1270 781 ex
1292 707 1441 783 suia&
1471 708 1573 787 Paus.

414 823 487 917 jam
509 815 711 892 observavit
736 815 783 889 H.
807 811 921 887 Vales.
943 813 985 882 ad
1009 809 1093 882 Ere.
1119 830 1152 900 p.
1182 827 1235 899 19.
1259 812 1402 879 arietino
1426 831 1573 902 quoque

417 939 554 993 cornua
574 913 675 988 suillo
705 912 894 986 Alexandri
917 905 1203 990 &successorum
1234 903 1403 1000 insignia,
1429 907 1575 980 Seleuci

418 1017 695 1099 rerumrerum,
728 1009 771 1082 de
795 1007 923 1104 quoin
947 1006 1060 1081 Libris
1084 1001 1169 1076 Dill.
1196 1003 1218 1075 l.
1246 1023 1276 1074 1.
1302 1025 1334 1075 c.
1356 1025 1387 1074 a.
1415 1003 1573 1082 disserui.

419 1111 501 1190 Nee
516 1111 705 1197 abhorret,
730 1107 892 1200 antiquos
908 1127 1026 1177 cornua
1042 1103 1077 1178 in
1093 1103 1196 1199 galeis
1214 1099 1422 1194 praetulisse,
1439 1102 1482 1174 de
1499 1121 1576 1196 quo

319 1261 324 1272 ·
422 1209 494 1286 vid.
513 1207 706 1282 Lindenbr.
726 1205 769 1278 ad
782 1205 901 1279 Amm.
918 1201 970 1275 M.
986 1202 1011 1278 l.
1028 1221 1100 1274 xrx.
1119 1221 1150 1273 r.

471 1313 502 1399 §.
529 1301 642 1378 XVll.
675 1303 762 1378 Haec
784 1299 958 1374 DncEM
986 1320 1120 1374 cornua
1150 1319 1235 1374 num
1260 1319 1363 1386 mox,
1395 1321 1440 1374 an
1464 1299 1575 1392 paulo

420 1405 521 1502 post,
547 1401 741 1498 praetulerit
764 1417 925 1494 quartum
950 1397 1096 1486 animal,
1123 1395 1184 1469 etsr
1206 1395 1362 1490 exprelle
1391 1419 1465 1470 non
1490 1397 1577 1470 dici·

422 1519 507 1578 tur:
548 1501 767 1594 comparatio
790 1513 1012 1572 tamencum
1035 1498 1137 1568 decem
1163 1493 1277 1590 digitis
1299 1495 1426 1588 pedum
1450 1495 1487 1576 in
1509 1493 1575 1568 sta.
1658 1536 1662 1546 -

423 1616 505 1687 tua,
537 1599 571 1672 dr
595 1613 747 1692 quatuor
769 1597 936 1669 cornibus
958 1595 1065 1682 hirti,
1099 1613 1172 1666 non
1200 1614 1281 1666 moa
1303 1591 1479 1682 adfuisse,
1516 1593 1577 1667 sed

413 1695 503 1795 ‘post
524 1709 605 1770 nata
627 1693 727 1766 fuisse
751 1693 898 1768 evincit.
950 1689 1031 1766 Nee
1046 1705 1164 1764 tamen
1179 1689 1259 1778 diu,
1285 1687 1343 1762 sed
1366 1693 1468 1764 brevi
1494 1689 1573 1782 post

423 1793 496 1870 sese
520 1792 695 1867 ostentare
711 1789 871 1884 coepilse,
897 1791 933 1862 in
955 1811 1027 1882 quo
1047 1787 1134 1862 levis
1158 1785 1209 1858 est
1233 1790 1463 1862 cornuum&
1488 1789 1575 1885 digi·
1665 1849 1669 1856 .

425 1907 547 1965 torum
572 1887 821 1982 discrepantia,
846 1909 889 1961 ex
914 1908 960 1960 eo
982 1885 1114 1980 liquet,
1140 1886 1234 1978 quod
1254 1901 1351 1958 ortus
1368 1906 1494 1960 corum
1514 1889 1578 1960 vix

425 1987 537 2064 suerit
565 1985 705 2060 Danieli
735 1982 1023 2071 animadversus,
1058 1985 1216 2074 &parvi
1241 2004 1354 2056 cornu
1383 1985 1576 2058 elationem
1712 2049 1715 2054 .

427 2085 674 2160 anteverterit.
724 2082 897 2157 Totidem
919 2081 1035 2176 itaque
1059 2101 1179 2176 reges,
1194 2083 1254 2174 qui
1271 2105 1391 2153 cornua
1407 2081 1474 2153 sele
1489 2102 1581 2174 prae·

426 2181 612 2272 stiterunt,
638 2181 856 2280 intelligendi
878 2179 976 2266 sunt,
1009 2178 1068 2272 qui
1092 2177 1182 2250 haud
1205 2179 1263 2251 diu
1291 2177 1370 2272 post
1390 2179 1584 2253 Alexandri

429 2298 605 2372 mortem,
622 2299 811 2378 antequam
822 2278 1084 2354 Seleucidarum
1099 2297 1268 2374 regnum,
1296 2298 1358 2370 per
1375 2299 1491 2351 cornu
1506 2299 1584 2374 par·

430 2399 516 2456 vum
538 2377 735 2472 expidlum,
763 2376 805 2452 de
829 2399 901 2472 quo
923 2399 1029 2466 mox,
1049 2373 1166 2448 suerit
1188 2373 1231 2446 ad
1256 2373 1431 2449 summum
1455 2374 1585 2476 fastigi·

428 2499 491 2558 um
512 2476 698 2564 ereetum,
731 2478 769 2551 in
794 2473 934 2550 scenam
962 2471 1191 2568 prodierunt:
1208 2545 1212 2554 ,
1227 2494 1313 2566 quos
1338 2471 1373 2545 in
1400 2472 1586 2568 superiore

361 2562 368 2577 ’
428 2573 574 2649 Dissert.
598 2573 782 2665 sequentes
805 2569 974 2655 exhibui,
1002 2567 1230 2664 Antigonum,
1257 2568 1290 2640 dt
1314 2568 1527 2645 Demetrium
1551 2573 1588 2648 in

428 2669 533 2757 Asta,
559 2665 789 2762 Lysimachum
803 2669 839 2739 in
855 2665 1028 2753 Thracia,
1056 2662 1268 2762 Coffandrum
1288 2667 1324 2739 in
1347 2667 1586 2760 Macedonia,

432 2764 644 2839 Ptolemaeum
667 2763 753 2860 Lagi
770 2765 806 2836 in
830 2761 1014 2860 AEgypt0,
1043 2759 1264 2838 Philetaerum
1291 2767 1326 2838 in
1358 2765 1435 2840 Asta
1460 2767 1588 2862 Perga·

430 2883 557 2950 mena,
585 2858 735 2957 Sipoelen
753 2861 789 2934 in
805 2857 988 2954 Bithynia,
1014 2857 1246 2935 Mithridatem
1266 2861 1302 2936 in
1320 2862 1456 2954 Ponto,
1480 2861 1588 2938 Arre·

430 2961 560 3032 rothem
583 2957 620 3030 in
641 2957 889 3052 Cappadocia,
915 2957 948 3030 u
969 2956 1164 3056 Atropatem
1183 2960 1220 3034 in
1238 2959 1360 3034 Media
1383 2961 1586 3058 Atropatia.

427 3053 515 3132 Nec
540 3053 667 3146 video,
694 3055 778 3150 quid
792 3056 829 3130 in
851 3056 917 3130 hac
931 3056 1116 3150 hypothesi
1130 3057 1281 3132 multum
1296 3055 1467 3136 offendat.
1498 3057 1589 3134 Fue-

431 3168 518 3228 runt
546 3155 640 3228 enirn
665 3176 789 3228 omnes
813 3153 878 3226 viri
901 3153 1048 3230 illustres
1071 3155 1105 3228 ἃ
1128 3171 1324 3252 potentes,
1358 3159 1417 3251 qui
1444 3176 1588 3254 partem

428 3251 535 3348 regni
558 3249 785 3326 Alexandrini
807 3267 1018 3344 tenuerunt,
1034 3253 1133 3351 regio
1150 3255 1252 3352 titulo
1266 3253 1437 3352 insrgnes‚
1460 3257 1496 3329 dt
1510 3278 1588 3352 reg·

430 3369 564 3426 norum
596 3350 826 3441 conditores,
868 3374 1022 3444 quorum
1052 3365 1123 3426 tres
1155 3367 1292 3430 tantum
1320 3375 1428 3452 regna
1457 3352 1519 3430 sua
1543 3351 1589 3427 ad

431 3445 594 3544 posteros
620 3470 695 3522 non
718 3464 978 3546 propagarunt,
1005 3447 1063 3522 sed
1088 3450 1342 3543 perdiderunt,
1369 3467 1410 3526 ut
1424 3475 1511 3527 mox
1530 3473 1589 3527 ex·

434 3547 589 3639 plicabo.
639 3545 745 3622 Primi
761 3569 876 3636 vero,
908 3547 965 3641 qui
990 3569 1159 3624 coronam
1182 3549 1293 3642 capiti
1312 3549 1591 3646 imposuerunt,

435 3643 628 3739 Antigonus
645 3643 678 3716 δι
695 3641 884 3718 Demetrius
901 3647 974 3737 eJ'us
993 3641 1081 3720 filius
1098 3647 1263 3735 suerunt,
1289 3645 1368 3741 post
1385 3649 1591 3742 praeclaram

433 3737 529 3813 illam
559 3741 605 3814 de
625 3739 817 3816 Ptolemaeo
838 3740 1048 3834 vinorum,
1088 3744 1121 3816 &
1151 3743 1257 3840 Cypri
1282 3747 1591 3840 occupationem,

433 3857 523 3929 quos
547 3837 602 3907 alil
620 3837 730 3911 secuti
748 3839 852 3927 sunt,
876 3855 916 3914 ut
941 3839 1042 3936 supra
1060 3843 1210 3916 narravi.
1238 3843 1307 3922 vid.
1339 3843 1431 3921 Plut.
1453 3845 1498 3940 in¹
1515 3845 1592 3922 De·

430 3947 540 4011 metr.
565 3955 646 4032 pag:
666 3937 745 4032 896.
771 3934 880 4012 Diod.
901 3938 969 4016 Sic.
991 3940 1016 4017 l.
1042 3961 1098 4017 xx.
1118 3963 1196 4040 pag.
1221 3945 1302 4036 789.
1324 3941 1393 4017 alii.
1435 3939 1594 4018 Exstite-

931 4095 934 4102 ,
1505 4047 1594 4116 runt
