<?xml version="1.0" encoding="UTF-8"?>
<!DOCTYPE html PUBLIC "-//W3C//DTD XHTML 1.0 Transitional//EN"
    "http://www.w3.org/TR/xhtml1/DTD/xhtml1-transitional.dtd">
<html xmlns="http://www.w3.org/1999/xhtml" xml:lang="en" lang="en">
 <head>
  <title>
</title>
<meta http-equiv="Content-Type" content="text/html;charset=utf-8" />
  <meta name='ocr-system' content='tesseract 3.04.00' />
  <meta name='ocr-capabilities' content='ocr_page ocr_carea ocr_par ocr_line ocrx_word'/>
</head>
<body>
  <div class='ocr_page' id='page_1' title='image "./dissertationesa00venegoog_0735.png"; bbox 0 0 3464 4774; ppageno 0'>
   <div class='ocr_carea' id='block_1_1' title="bbox 373 417 1297 526">
    <p class='ocr_par' dir='ltr' id='par_1_1' title="bbox 303 417 1297 526">
     <span class='ocr_line' id='line_1_1' title="bbox 373 417 1297 526; baseline 0.003 -19.789"><span class='ocrx_word' id='word_1_1' title='bbox 373 425 631 512; x_wconf 48' lang='lat' dir='ltr'>ao&#39;ssn‘A</span> <span class='ocrx_word' id='word_1_2' title='bbox 679 421 730 503; x_wconf 86' lang='lat' dir='ltr'>N.</span> <span class='ocrx_word' id='word_1_3' title='bbox 803 417 891 508; x_wconf 68' lang='grc' dir='ltr'>’ωε</span> <span class='ocrx_word' id='word_1_4' title='bbox 940 435 1027 524; x_wconf 63' lang='lat'>1-34</span> <span class='ocrx_word' id='word_1_5' title='bbox 1146 443 1151 450; x_wconf 85' lang='lat'>&#39;</span> <span class='ocrx_word' id='word_1_6' title='bbox 1227 441 1297 526; x_wconf 83' lang='lat'>721</span> 
     </span>
    </p>
   </div>
   <div class='ocr_carea' id='block_1_2' title="bbox 19 595 1437 3909">
    <p class='ocr_par' dir='ltr' id='par_1_2' title="bbox 140 595 1299 1094">
     <span class='ocr_line' id='line_1_2' title="bbox 140 595 1298 708; baseline -0.003 -16"><span class='ocrx_word' id='word_1_7' title='bbox 140 595 300 692; x_wconf 73' lang='lat' dir='ltr'>tondum</span> <span class='ocrx_word' id='word_1_8' title='bbox 323 623 531 708; x_wconf 85' lang='lat' dir='ltr'><strong>portentum</strong></span> <span class='ocrx_word' id='word_1_9' title='bbox 554 609 684 686; x_wconf 88' lang='lat' dir='ltr'>Ezech.</span> <span class='ocrx_word' id='word_1_10' title='bbox 715 629 771 692; x_wconf 80' lang='lat' dir='ltr'>tv,</span> <span class='ocrx_word' id='word_1_11' title='bbox 803 613 1028 688; x_wconf 84' lang='lat' dir='ltr'><strong>terminatam</strong></span> <span class='ocrx_word' id='word_1_12' title='bbox 1049 609 1118 686; x_wconf 83' lang='lat' dir='ltr'>effe</span> <span class='ocrx_word' id='word_1_13' title='bbox 1141 614 1180 686; x_wconf 89' lang='lat' dir='ltr'>in</span> <span class='ocrx_word' id='word_1_14' title='bbox 1202 615 1298 707; x_wconf 83' lang='lat' dir='ltr'>pria·</span> 
     </span>
     <span class='ocr_line' id='line_1_3' title="bbox 142 709 1298 810; baseline -0.009 -20"><span class='ocrx_word' id='word_1_15' title='bbox 142 717 263 807; x_wconf 85' lang='lat' dir='ltr'>cipatu</span> <span class='ocrx_word' id='word_1_16' title='bbox 285 711 518 810; x_wconf 52' lang='lat' dir='ltr'>Jonotiaaim</span> <span class='ocrx_word' id='word_1_17' title='bbox 558 711 652 784; x_wconf 88' lang='lat' dir='ltr'>circa</span> <span class='ocrx_word' id='word_1_18' title='bbox 676 709 763 781; x_wconf 87' lang='lat' dir='ltr'>illud</span> <span class='ocrx_word' id='word_1_19' title='bbox 791 723 953 806; x_wconf 86' lang='lat' dir='ltr'>tempus,</span> <span class='ocrx_word' id='word_1_20' title='bbox 991 731 1064 802; x_wconf 93' lang='lat' dir='ltr'>quo</span> <span class='ocrx_word' id='word_1_21' title='bbox 1089 709 1163 784; x_wconf 89' lang='lat' dir='ltr'>dies</span> <span class='ocrx_word' id='word_1_22' title='bbox 1192 729 1298 804; x_wconf 85' lang='lat'>1335,</span> 
     </span>
     <span class='ocr_line' id='line_1_4' title="bbox 145 803 1299 904; baseline -0.003 -18"><span class='ocrx_word' id='word_1_23' title='bbox 145 811 237 886; x_wconf 82' lang='lat' dir='ltr'>Dur.</span> <span class='ocrx_word' id='word_1_24' title='bbox 260 831 343 883; x_wconf 79' lang='lat' dir='ltr'>xrr:</span> <span class='ocrx_word' id='word_1_25' title='bbox 364 829 421 884; x_wconf 84' lang='lat'>12.</span> <span class='ocrx_word' id='word_1_26' title='bbox 446 805 537 883; x_wconf 80' lang='lat' dir='ltr'>siniti</span> <span class='ocrx_word' id='word_1_27' title='bbox 561 807 652 883; x_wconf 89' lang='lat' dir='ltr'>sunt.</span> <span class='ocrx_word' id='word_1_28' title='bbox 701 803 809 904; x_wconf 87' lang='lat' dir='ltr'>Quod</span> <span class='ocrx_word' id='word_1_29' title='bbox 830 807 984 882; x_wconf 88' lang='lat' dir='ltr'>nostram</span> <span class='ocrx_word' id='word_1_30' title='bbox 1001 805 1235 902; x_wconf 85' lang='lat' dir='ltr'>hypothesrn,</span> <span class='ocrx_word' id='word_1_31' title='bbox 1260 809 1299 885; x_wconf 83' lang='lat' dir='ltr'>in</span> 
     </span>
     <span class='ocr_line' id='line_1_5' title="bbox 146 901 1299 988; baseline -0.012 -5"><span class='ocrx_word' id='word_1_32' title='bbox 146 908 231 983; x_wconf 80' lang='lat' dir='ltr'>Diis.</span> <span class='ocrx_word' id='word_1_33' title='bbox 252 907 295 980; x_wconf 84' lang='lat' dir='ltr'>ad</span> <span class='ocrx_word' id='word_1_34' title='bbox 317 907 409 980; x_wconf 88' lang='lat' dir='ltr'><strong>Dan.</strong></span> <span class='ocrx_word' id='word_1_35' title='bbox 425 903 721 988; x_wconf 85' lang='lat' dir='ltr'>demonstratam,</span> <span class='ocrx_word' id='word_1_36' title='bbox 749 906 896 984; x_wconf 86' lang='lat' dir='ltr'>ulterius</span> <span class='ocrx_word' id='word_1_37' title='bbox 911 903 1067 978; x_wconf 90' lang='lat' dir='ltr'>illustrat.</span> <span class='ocrx_word' id='word_1_38' title='bbox 1116 906 1150 982; x_wconf 86' lang='lat' dir='ltr'>A</span> <span class='ocrx_word' id='word_1_39' title='bbox 1167 901 1299 982; x_wconf 86' lang='lat' dir='ltr'>destru.</span> 
     </span>
     <span class='ocr_line' id='line_1_6' title="bbox 148 999 1299 1094; baseline -0.002 -14"><span class='ocrx_word' id='word_1_40' title='bbox 148 1005 206 1080; x_wconf 79' lang='lat' dir='ltr'>sto</span> <span class='ocrx_word' id='word_1_41' title='bbox 228 1007 323 1076; x_wconf 86' lang='lat' dir='ltr'>enim</span> <span class='ocrx_word' id='word_1_42' title='bbox 347 1001 502 1090; x_wconf 84' lang='lat' dir='ltr'>Templo</span> <span class='ocrx_word' id='word_1_43' title='bbox 525 1022 587 1091; x_wconf 88' lang='lat' dir='ltr'>per</span> <span class='ocrx_word' id='word_1_44' title='bbox 610 999 793 1072; x_wconf 89' lang='lat' dir='ltr'>Chaldaeos</span> <span class='ocrx_word' id='word_1_45' title='bbox 806 1021 917 1093; x_wconf 85' lang='lat' dir='ltr'>usque</span> <span class='ocrx_word' id='word_1_46' title='bbox 932 1000 975 1072; x_wconf 91' lang='lat' dir='ltr'>ad</span> <span class='ocrx_word' id='word_1_47' title='bbox 988 1001 1225 1094; x_wconf 87' lang='lat' dir='ltr'>Principatum</span> <span class='ocrx_word' id='word_1_48' title='bbox 1238 999 1299 1094; x_wconf 83' lang='lat' dir='ltr'>Ju-</span> 
     </span>
    </p>

    <p class='ocr_par' dir='ltr' id='par_1_3' title="bbox 43 1094 1348 1854">
     <span class='ocr_line' id='line_1_7' title="bbox 43 1094 1297 1189; baseline -0.006 -12"><span class='ocrx_word' id='word_1_49' title='bbox 43 1125 53 1132; x_wconf 87' lang='lat'>·</span> <span class='ocrx_word' id='word_1_50' title='bbox 141 1105 198 1176; x_wconf 71' lang='lat' dir='ltr'>&#39;dae</span> <span class='ocrx_word' id='word_1_51' title='bbox 222 1096 415 1170; x_wconf 82' lang='lat' dir='ltr'>ivlaccabaei</span> <span class='ocrx_word' id='word_1_52' title='bbox 441 1094 520 1170; x_wconf 89' lang='lat' dir='ltr'>sunt</span> <span class='ocrx_word' id='word_1_53' title='bbox 540 1095 623 1168; x_wconf 88' lang='lat' dir='ltr'>anni</span> <span class='ocrx_word' id='word_1_54' title='bbox 646 1115 753 1184; x_wconf 63' lang='lat'>421„</span> <span class='ocrx_word' id='word_1_55' title='bbox 778 1095 866 1168; x_wconf 91' lang='lat' dir='ltr'>adde</span> <span class='ocrx_word' id='word_1_56' title='bbox 888 1094 986 1189; x_wconf 85' lang='lat' dir='ltr'>Judae</span> <span class='ocrx_word' id='word_1_57' title='bbox 1010 1097 1067 1181; x_wconf 90' lang='lat'>6.,</span> <span class='ocrx_word' id='word_1_58' title='bbox 1094 1097 1128 1168; x_wconf 83' lang='lat' dir='ltr'>dt</span> <span class='ocrx_word' id='word_1_59' title='bbox 1149 1111 1214 1167; x_wconf 86' lang='lat' dir='ltr'>tres</span> <span class='ocrx_word' id='word_1_60' title='bbox 1237 1097 1297 1188; x_wconf 86' lang='lat' dir='ltr'>Jo-</span> 
     </span>
     <span class='ocr_line' id='line_1_8' title="bbox 146 1191 1300 1288; baseline -0.008 -15"><span class='ocrx_word' id='word_1_61' title='bbox 146 1196 326 1282; x_wconf 85' lang='lat' dir='ltr'>nathanis,</span> <span class='ocrx_word' id='word_1_62' title='bbox 351 1193 458 1266; x_wconf 87' lang='lat' dir='ltr'>habes</span> <span class='ocrx_word' id='word_1_63' title='bbox 481 1213 563 1285; x_wconf 83' lang='lat'><strong>430.</strong></span> <span class='ocrx_word' id='word_1_64' title='bbox 612 1191 758 1288; x_wconf 84' lang='lat' dir='ltr'>signum</span> <span class='ocrx_word' id='word_1_65' title='bbox 774 1214 864 1267; x_wconf 89' lang='lat' dir='ltr'>vero</span> <span class='ocrx_word' id='word_1_66' title='bbox 881 1191 1076 1266; x_wconf 81' lang='lat' dir='ltr'><strong>Ezechielis</strong></span> <span class='ocrx_word' id='word_1_67' title='bbox 1091 1214 1165 1267; x_wconf 89' lang='lat' dir='ltr'>non</span> <span class='ocrx_word' id='word_1_68' title='bbox 1182 1191 1226 1264; x_wconf 89' lang='lat' dir='ltr'>ad</span> <span class='ocrx_word' id='word_1_69' title='bbox 1240 1213 1300 1288; x_wconf 89' lang='lat' dir='ltr'>pe·</span> 
     </span>
     <span class='ocr_line' id='line_1_9' title="bbox 133 1288 1298 1386; baseline -0.006 -17"><span class='ocrx_word' id='word_1_70' title='bbox 133 1296 288 1370; x_wconf 85' lang='lat' dir='ltr'>&#39;riodum</span> <span class='ocrx_word' id='word_1_71' title='bbox 311 1288 541 1379; x_wconf 73' lang='lat' dir='ltr'>defectionis,</span> <span class='ocrx_word' id='word_1_72' title='bbox 571 1309 647 1382; x_wconf 86' lang='lat' dir='ltr'>quae</span> <span class='ocrx_word' id='word_1_73' title='bbox 676 1289 915 1384; x_wconf 69' lang='lat' dir='ltr'>praeessem,</span> <span class='ocrx_word' id='word_1_74' title='bbox 946 1305 988 1364; x_wconf 89' lang='lat' dir='ltr'>ut</span> <span class='ocrx_word' id='word_1_75' title='bbox 1011 1291 1298 1386; x_wconf 85' lang='lat' dir='ltr'>vulgoputatur,</span> 
     </span>
     <span class='ocr_line' id='line_1_10' title="bbox 147 1384 1298 1490; baseline -0.006 -23"><span class='ocrx_word' id='word_1_76' title='bbox 147 1392 207 1468; x_wconf 88' lang='lat' dir='ltr'>sod</span> <span class='ocrx_word' id='word_1_77' title='bbox 232 1389 361 1486; x_wconf 86' lang='lat' dir='ltr'>partim</span> <span class='ocrx_word' id='word_1_78' title='bbox 380 1389 505 1460; x_wconf 83' lang='lat' dir='ltr'>dierum</span> <span class='ocrx_word' id='word_1_79' title='bbox 525 1384 682 1490; x_wconf 74' lang='lat' dir='ltr'>respeitu</span> <span class='ocrx_word' id='word_1_80' title='bbox 706 1385 749 1458; x_wconf 89' lang='lat' dir='ltr'>ad</span> <span class='ocrx_word' id='word_1_81' title='bbox 771 1387 990 1462; x_wconf 84' lang='lat' dir='ltr'>obsrdionem</span> <span class='ocrx_word' id='word_1_82' title='bbox 1015 1385 1298 1480; x_wconf 80' lang='lat' dir='ltr'>Hierosolyma,</span> 
     </span>
     <span class='ocr_line' id='line_1_11' title="bbox 131 1481 1300 1587; baseline -0.006 -24"><span class='ocrx_word' id='word_1_83' title='bbox 131 1490 277 1587; x_wconf 89' lang='lat' dir='ltr'>&#39;partim</span> <span class='ocrx_word' id='word_1_84' title='bbox 296 1508 455 1560; x_wconf 82' lang='lat' dir='ltr'>annorum</span> <span class='ocrx_word' id='word_1_85' title='bbox 476 1483 636 1578; x_wconf 78' lang='lat' dir='ltr'>respetiu</span> <span class='ocrx_word' id='word_1_86' title='bbox 659 1484 703 1557; x_wconf 87' lang='lat' dir='ltr'>ad</span> <span class='ocrx_word' id='word_1_87' title='bbox 722 1482 886 1561; x_wconf 86' lang='lat' dir='ltr'>servilem</span> <span class='ocrx_word' id='word_1_88' title='bbox 909 1484 1033 1580; x_wconf 89' lang='lat' dir='ltr'>populi</span> <span class='ocrx_word' id='word_1_89' title='bbox 1053 1481 1181 1558; x_wconf 82' lang='lat' dir='ltr'>statum</span> <span class='ocrx_word' id='word_1_90' title='bbox 1195 1487 1231 1558; x_wconf 89' lang='lat' dir='ltr'>in</span> <span class='ocrx_word' id='word_1_91' title='bbox 1245 1481 1300 1566; x_wconf 89' lang='lat' dir='ltr'>su·</span> 
     </span>
     <span class='ocr_line' id='line_1_12' title="bbox 149 1580 1348 1678; baseline -0.002 -16"><span class='ocrx_word' id='word_1_92' title='bbox 149 1581 276 1662; x_wconf 84' lang='lat' dir='ltr'>turum</span> <span class='ocrx_word' id='word_1_93' title='bbox 293 1583 493 1678; x_wconf 86' lang='lat' dir='ltr'>respicere,</span> <span class='ocrx_word' id='word_1_94' title='bbox 518 1583 684 1675; x_wconf 82' lang='lat' dir='ltr'>praeclare</span> <span class='ocrx_word' id='word_1_95' title='bbox 705 1580 961 1657; x_wconf 85' lang='lat' dir='ltr'>demonstravit</span> <span class='ocrx_word' id='word_1_96' title='bbox 983 1580 1036 1654; x_wconf 91' lang='lat' dir='ltr'>Cl.</span> <span class='ocrx_word' id='word_1_97' title='bbox 1059 1580 1245 1678; x_wconf 81' lang='lat' dir='ltr'>vignolius</span> <span class='ocrx_word' id='word_1_98' title='bbox 1260 1609 1298 1656; x_wconf 82' lang='lat' dir='ltr'>a:</span> <span class='ocrx_word' id='word_1_99' title='bbox 1345 1651 1348 1660; x_wconf 89' lang='grc'>,</span> 
     </span>
     <span class='ocr_line' id='line_1_13' title="bbox 150 1676 1332 1777; baseline -0.005 -19"><span class='ocrx_word' id='word_1_100' title='bbox 150 1684 212 1777; x_wconf 92' lang='lat' dir='ltr'>qui</span> <span class='ocrx_word' id='word_1_101' title='bbox 236 1699 355 1757; x_wconf 86' lang='lat' dir='ltr'>tamen</span> <span class='ocrx_word' id='word_1_102' title='bbox 382 1679 554 1772; x_wconf 83' lang='lat' dir='ltr'>posterius</span> <span class='ocrx_word' id='word_1_103' title='bbox 574 1688 642 1754; x_wconf 72' lang='lat' dir='ltr'>ne‘c</span> <span class='ocrx_word' id='word_1_104' title='bbox 667 1677 852 1772; x_wconf 84' lang='lat' dir='ltr'>exposuit,</span> <span class='ocrx_word' id='word_1_105' title='bbox 890 1699 960 1764; x_wconf 89' lang='lat' dir='ltr'>nec</span> <span class='ocrx_word' id='word_1_106' title='bbox 982 1676 1149 1775; x_wconf 87' lang='lat' dir='ltr'>adplicuit</span> <span class='ocrx_word' id='word_1_107' title='bbox 1168 1679 1212 1752; x_wconf 90' lang='lat' dir='ltr'>ad</span> <span class='ocrx_word' id='word_1_108' title='bbox 1239 1676 1299 1772; x_wconf 84' lang='lat' dir='ltr'>Ju·</span> <span class='ocrx_word' id='word_1_109' title='bbox 1330 1704 1332 1709; x_wconf 67' lang='grc'><em>’</em></span> 
     </span>
     <span class='ocr_line' id='line_1_14' title="bbox 150 1775 461 1854; baseline -0.003 0"><span class='ocrx_word' id='word_1_110' title='bbox 150 1781 308 1854; x_wconf 85' lang='lat' dir='ltr'>daeorurn</span> <span class='ocrx_word' id='word_1_111' title='bbox 324 1775 461 1853; x_wconf 86' lang='lat' dir='ltr'>statum.</span> 
     </span>
    </p>

    <p class='ocr_par' dir='ltr' id='par_1_4' title="bbox 129 1872 1437 2847">
     <span class='ocr_line' id='line_1_15' title="bbox 199 1872 1300 1972; baseline 0 -24"><span class='ocrx_word' id='word_1_112' title='bbox 199 1883 229 1969; x_wconf 86' lang='lat'>§.</span> <span class='ocrx_word' id='word_1_113' title='bbox 246 1874 381 1950; x_wconf 87' lang='lat' dir='ltr'><strong>CCXL.</strong></span> <span class='ocrx_word' id='word_1_114' title='bbox 431 1875 467 1949; x_wconf 89' lang='lat'>6.</span> <span class='ocrx_word' id='word_1_115' title='bbox 492 1872 735 1972; x_wconf 68' lang='lat' dir='ltr'>Angudiorum</span> <span class='ocrx_word' id='word_1_116' title='bbox 756 1879 999 1972; x_wconf 83' lang='lat' dir='ltr'>exaggeratio,</span> <span class='ocrx_word' id='word_1_117' title='bbox 1032 1897 1101 1972; x_wconf 91' lang='lat' dir='ltr'>qua</span> <span class='ocrx_word' id='word_1_118' title='bbox 1120 1887 1227 1952; x_wconf 84' lang='lat' dir='ltr'><strong>tantae</strong></span> <span class='ocrx_word' id='word_1_119' title='bbox 1250 1875 1300 1949; x_wconf 92' lang='lat' dir='ltr'>di·</span> 
     </span>
     <span class='ocr_line' id='line_1_16' title="bbox 151 1973 1421 2070; baseline -0.002 -19"><span class='ocrx_word' id='word_1_120' title='bbox 151 1992 302 2062; x_wconf 87' lang='lat' dir='ltr'>cuntur,</span> <span class='ocrx_word' id='word_1_121' title='bbox 326 1987 466 2067; x_wconf 84' lang='lat' dir='ltr'>quantae</span> <span class='ocrx_word' id='word_1_122' title='bbox 481 1995 659 2066; x_wconf 88' lang='lat' dir='ltr'>nunquam</span> <span class='ocrx_word' id='word_1_123' title='bbox 676 1987 780 2048; x_wconf 88' lang='lat' dir='ltr'>antea</span> <span class='ocrx_word' id='word_1_124' title='bbox 796 1977 894 2070; x_wconf 88' lang='lat' dir='ltr'>genti</span> <span class='ocrx_word' id='word_1_125' title='bbox 911 1987 1134 2064; x_wconf 87' lang='lat' dir='ltr'>evenerant,</span> <span class='ocrx_word' id='word_1_126' title='bbox 1165 1973 1300 2050; x_wconf 88' lang='lat' dir='ltr'>aChri·</span> <span class='ocrx_word' id='word_1_127' title='bbox 1418 1987 1421 1992; x_wconf 83' lang='grc'><em>·</em></span> 
     </span>
     <span class='ocr_line' id='line_1_17' title="bbox 148 2069 1298 2169; baseline -0.004 -22"><span class='ocrx_word' id='word_1_128' title='bbox 148 2073 202 2148; x_wconf 90' lang='lat' dir='ltr'>sto</span> <span class='ocrx_word' id='word_1_129' title='bbox 222 2072 370 2169; x_wconf 86' lang='lat' dir='ltr'>repetita</span> <span class='ocrx_word' id='word_1_130' title='bbox 393 2092 475 2145; x_wconf 90' lang='lat' dir='ltr'>cum</span> <span class='ocrx_word' id='word_1_131' title='bbox 499 2072 631 2162; x_wconf 90' lang='lat' dir='ltr'>majore</span> <span class='ocrx_word' id='word_1_132' title='bbox 653 2072 766 2146; x_wconf 85' lang='lat' dir='ltr'>adhuc</span> <span class='ocrx_word' id='word_1_133' title='bbox 782 2069 932 2166; x_wconf 86' lang='lat' dir='ltr'>emphasr</span> <span class='ocrx_word' id='word_1_134' title='bbox 955 2071 1059 2147; x_wconf 89' lang='lat' dir='ltr'><strong>Matt.</strong></span> <span class='ocrx_word' id='word_1_135' title='bbox 1081 2093 1189 2146; x_wconf 82' lang='lat' dir='ltr'><strong>xxtv:</strong></span> <span class='ocrx_word' id='word_1_136' title='bbox 1216 2092 1298 2161; x_wconf 65' lang='lat' dir='ltr'>aa,</span> 
     </span>
     <span class='ocr_line' id='line_1_18' title="bbox 129 2165 1298 2261; baseline -0.004 -19"><span class='ocrx_word' id='word_1_137' title='bbox 129 2185 288 2244; x_wconf 68' lang='lat' dir='ltr'>tantum</span> <span class='ocrx_word' id='word_1_138' title='bbox 310 2165 426 2252; x_wconf 87' lang='lat' dir='ltr'>abest,</span> <span class='ocrx_word' id='word_1_139' title='bbox 458 2183 500 2248; x_wconf 86' lang='lat' dir='ltr'>ut</span> <span class='ocrx_word' id='word_1_140' title='bbox 527 2169 571 2242; x_wconf 85' lang='lat' dir='ltr'>ad</span> <span class='ocrx_word' id='word_1_141' title='bbox 600 2169 722 2242; x_wconf 86' lang='lat' dir='ltr'>ultima</span> <span class='ocrx_word' id='word_1_142' title='bbox 743 2169 867 2241; x_wconf 89' lang='lat' dir='ltr'>mundi</span> <span class='ocrx_word' id='word_1_143' title='bbox 890 2184 1050 2261; x_wconf 88' lang='lat' dir='ltr'>tempora</span> <span class='ocrx_word' id='word_1_144' title='bbox 1072 2189 1139 2240; x_wconf 84' lang='lat' dir='ltr'>nos</span> <span class='ocrx_word' id='word_1_145' title='bbox 1161 2167 1298 2256; x_wconf 89' lang='lat' dir='ltr'>trahat,</span> 
     </span>
     <span class='ocr_line' id='line_1_19' title="bbox 150 2260 1297 2360; baseline -0.003 -22"><span class='ocrx_word' id='word_1_146' title='bbox 150 2265 247 2360; x_wconf 94' lang='lat' dir='ltr'>quod</span> <span class='ocrx_word' id='word_1_147' title='bbox 264 2263 336 2354; x_wconf 89' lang='lat' dir='ltr'>jam</span> <span class='ocrx_word' id='word_1_148' title='bbox 359 2260 531 2334; x_wconf 82' lang='lat' dir='ltr'>refutavit</span> <span class='ocrx_word' id='word_1_149' title='bbox 544 2261 787 2356; x_wconf 85' lang='lat' dir='ltr'>Jungmannus</span> <span class='ocrx_word' id='word_1_150' title='bbox 802 2267 839 2349; x_wconf 83' lang='lat' dir='ltr'>b,</span> <span class='ocrx_word' id='word_1_151' title='bbox 865 2283 947 2336; x_wconf 90' lang='lat' dir='ltr'>cum</span> <span class='ocrx_word' id='word_1_152' title='bbox 963 2263 1049 2334; x_wconf 85' lang='lat' dir='ltr'>nihii</span> <span class='ocrx_word' id='word_1_153' title='bbox 1065 2284 1085 2335; x_wconf 91' lang='lat' dir='ltr'>a</span> <span class='ocrx_word' id='word_1_154' title='bbox 1099 2263 1297 2336; x_wconf 82' lang='lat' dir='ltr'>calamitate</span> 
     </span>
     <span class='ocr_line' id='line_1_20' title="bbox 148 2355 1437 2458; baseline -0.004 -22"><span class='ocrx_word' id='word_1_155' title='bbox 148 2357 363 2458; x_wconf 84' lang='lat' dir='ltr'>Epiphanica</span> <span class='ocrx_word' id='word_1_156' title='bbox 383 2355 511 2428; x_wconf 86' lang='lat' dir='ltr'>habeat</span> <span class='ocrx_word' id='word_1_157' title='bbox 527 2357 652 2445; x_wconf 72' lang='lat' dir='ltr'>asiani,</span> <span class='ocrx_word' id='word_1_158' title='bbox 678 2357 721 2428; x_wconf 91' lang='lat' dir='ltr'>de</span> <span class='ocrx_word' id='word_1_159' title='bbox 734 2378 805 2447; x_wconf 91' lang='lat' dir='ltr'>quo</span> <span class='ocrx_word' id='word_1_160' title='bbox 820 2378 906 2430; x_wconf 87' lang='lat' dir='ltr'>mox</span> <span class='ocrx_word' id='word_1_161' title='bbox 920 2379 1037 2454; x_wconf 85' lang='lat' dir='ltr'><strong>agam,</strong></span> <span class='ocrx_word' id='word_1_162' title='bbox 1064 2371 1103 2430; x_wconf 91' lang='lat' dir='ltr'>ut</span> <span class='ocrx_word' id='word_1_163' title='bbox 1119 2361 1161 2430; x_wconf 91' lang='lat' dir='ltr'>ab</span> <span class='ocrx_word' id='word_1_164' title='bbox 1175 2357 1298 2432; x_wconf 85' lang='lat' dir='ltr'>Eccle-</span> <span class='ocrx_word' id='word_1_165' title='bbox 1434 2355 1437 2362; x_wconf 73' lang='grc'><strong>“</strong></span> 
     </span>
     <span class='ocr_line' id='line_1_21' title="bbox 145 2449 1297 2550; baseline -0.006 -15"><span class='ocrx_word' id='word_1_166' title='bbox 145 2461 201 2534; x_wconf 85' lang='lat' dir='ltr'>srae</span> <span class='ocrx_word' id='word_1_167' title='bbox 222 2452 425 2530; x_wconf 82' lang='lat' dir='ltr'>christianae</span> <span class='ocrx_word' id='word_1_168' title='bbox 446 2450 670 2526; x_wconf 75' lang='lat' dir='ltr'>adfliiiiffimo</span> <span class='ocrx_word' id='word_1_169' title='bbox 692 2451 782 2526; x_wconf 90' lang='lat' dir='ltr'>statu</span> <span class='ocrx_word' id='word_1_170' title='bbox 806 2455 927 2527; x_wconf 89' lang='lat' dir='ltr'>oculos</span> <span class='ocrx_word' id='word_1_171' title='bbox 951 2449 1149 2528; x_wconf 88' lang='lat' dir='ltr'>abstrahere</span> <span class='ocrx_word' id='word_1_172' title='bbox 1171 2469 1297 2550; x_wconf 88' lang='lat' dir='ltr'>cogat,</span> 
     </span>
     <span class='ocr_line' id='line_1_22' title="bbox 146 2547 1296 2645; baseline -0.006 -13"><span class='ocrx_word' id='word_1_173' title='bbox 146 2559 181 2632; x_wconf 82' lang='lat' dir='ltr'>dt</span> <span class='ocrx_word' id='word_1_174' title='bbox 196 2570 423 2630; x_wconf 86' lang='lat' dir='ltr'>communem</span> <span class='ocrx_word' id='word_1_175' title='bbox 440 2547 651 2644; x_wconf 85' lang='lat' dir='ltr'>hypothesrn</span> <span class='ocrx_word' id='word_1_176' title='bbox 664 2550 811 2624; x_wconf 89' lang='lat' dir='ltr'>ulterius</span> <span class='ocrx_word' id='word_1_177' title='bbox 828 2548 1000 2640; x_wconf 88' lang='lat' dir='ltr'>destruat,</span> <span class='ocrx_word' id='word_1_178' title='bbox 1024 2573 1094 2624; x_wconf 81' lang='lat' dir='ltr'>curu</span> <span class='ocrx_word' id='word_1_179' title='bbox 1109 2551 1206 2645; x_wconf 88' lang='lat' dir='ltr'>quod</span> <span class='ocrx_word' id='word_1_180' title='bbox 1221 2554 1296 2628; x_wconf 84' lang='lat' dir='ltr'>nul-</span> 
     </span>
     <span class='ocr_line' id='line_1_23' title="bbox 145 2645 1295 2744; baseline -0.001 -20"><span class='ocrx_word' id='word_1_181' title='bbox 145 2655 188 2726; x_wconf 82' lang='lat' dir='ltr'>1ae</span> <span class='ocrx_word' id='word_1_182' title='bbox 219 2667 327 2727; x_wconf 85' lang='lat' dir='ltr'>tantae</span> <span class='ocrx_word' id='word_1_183' title='bbox 353 2645 518 2744; x_wconf 78' lang='lat' dir='ltr'>angustia</span> <span class='ocrx_word' id='word_1_184' title='bbox 542 2647 583 2722; x_wconf 86' lang='lat' dir='ltr'>in</span> <span class='ocrx_word' id='word_1_185' title='bbox 607 2645 845 2724; x_wconf 85' lang='lat' dir='ltr'>Christianum</span> <span class='ocrx_word' id='word_1_186' title='bbox 869 2650 1039 2744; x_wconf 89' lang='lat' dir='ltr'>populum</span> <span class='ocrx_word' id='word_1_187' title='bbox 1063 2648 1295 2723; x_wconf 87' lang='lat' dir='ltr'>demonstrari</span> 
     </span>
     <span class='ocr_line' id='line_1_24' title="bbox 144 2743 1427 2847; baseline -0.001 -22"><span class='ocrx_word' id='word_1_188' title='bbox 144 2748 270 2847; x_wconf 83' lang='lat' dir='ltr'>posint</span> <span class='ocrx_word' id='word_1_189' title='bbox 294 2743 470 2834; x_wconf 81' lang='lat' dir='ltr'>incidisse,</span> <span class='ocrx_word' id='word_1_190' title='bbox 511 2759 572 2820; x_wconf 89' lang='lat' dir='ltr'>aut</span> <span class='ocrx_word' id='word_1_191' title='bbox 595 2743 850 2838; x_wconf 78' lang='lat' dir='ltr'>immittendae,</span> <span class='ocrx_word' id='word_1_192' title='bbox 890 2767 967 2840; x_wconf 87' lang='lat' dir='ltr'>quae</span> <span class='ocrx_word' id='word_1_193' title='bbox 987 2767 1112 2820; x_wconf 89' lang='lat' dir='ltr'>omnes</span> <span class='ocrx_word' id='word_1_194' title='bbox 1132 2747 1297 2824; x_wconf 86' lang='lat' dir='ltr'>omnium</span> <span class='ocrx_word' id='word_1_195' title='bbox 1424 2761 1427 2768; x_wconf 81' lang='grc'><strong>“</strong></span> 
     </span>
    </p>

    <p class='ocr_par' dir='ltr' id='par_1_5' title="bbox 19 2840 1372 3909">
     <span class='ocr_line' id='line_1_25' title="bbox 19 2840 1296 2943; baseline -0.005 -19"><span class='ocrx_word' id='word_1_196' title='bbox 19 2849 22 2856; x_wconf 83' lang='grc'>’</span> <span class='ocrx_word' id='word_1_197' title='bbox 123 2863 346 2943; x_wconf 81' lang='lat' dir='ltr'>temporum</span> <span class='ocrx_word' id='word_1_198' title='bbox 368 2841 643 2938; x_wconf 84' lang='lat' dir='ltr'>pracedentium</span> <span class='ocrx_word' id='word_1_199' title='bbox 666 2843 781 2938; x_wconf 87' lang='lat' dir='ltr'>gentis</span> <span class='ocrx_word' id='word_1_200' title='bbox 805 2840 992 2938; x_wconf 85' lang='lat' dir='ltr'>superent,</span> <span class='ocrx_word' id='word_1_201' title='bbox 1024 2857 1066 2918; x_wconf 90' lang='lat' dir='ltr'>ut</span> <span class='ocrx_word' id='word_1_202' title='bbox 1087 2842 1146 2917; x_wconf 88' lang='lat' dir='ltr'>hic</span> <span class='ocrx_word' id='word_1_203' title='bbox 1167 2844 1296 2920; x_wconf 88' lang='lat' dir='ltr'>diserte</span> 
     </span>
     <span class='ocr_line' id='line_1_26' title="bbox 117 2939 1295 3038; baseline -0.01 -18"><span class='ocrx_word' id='word_1_204' title='bbox 117 2957 121 2970; x_wconf 89' lang='lat'>&#39;</span> <span class='ocrx_word' id='word_1_205' title='bbox 141 2946 313 3032; x_wconf 89' lang='lat' dir='ltr'>habetur,</span> <span class='ocrx_word' id='word_1_206' title='bbox 338 2941 467 3033; x_wconf 89' lang='lat' dir='ltr'>loquor</span> <span class='ocrx_word' id='word_1_207' title='bbox 480 2962 553 3016; x_wconf 90' lang='lat' dir='ltr'>non</span> <span class='ocrx_word' id='word_1_208' title='bbox 569 2939 613 3014; x_wconf 92' lang='lat' dir='ltr'>de</span> <span class='ocrx_word' id='word_1_209' title='bbox 629 2939 921 3038; x_wconf 72' lang='lat' dir='ltr'>Antichristiana,</span> <span class='ocrx_word' id='word_1_210' title='bbox 945 2939 1004 3012; x_wconf 92' lang='lat' dir='ltr'>sed</span> <span class='ocrx_word' id='word_1_211' title='bbox 1018 2939 1211 3017; x_wconf 85' lang='lat' dir='ltr'>Christiana</span> <span class='ocrx_word' id='word_1_212' title='bbox 1227 2941 1295 3016; x_wconf 87' lang='lat' dir='ltr'>Ec.</span> 
     </span>
     <span class='ocr_line' id='line_1_27' title="bbox 142 3035 1292 3133; baseline 0.002 -19"><span class='ocrx_word' id='word_1_213' title='bbox 142 3040 270 3127; x_wconf 79' lang='lat' dir='ltr'>cloria,</span> <span class='ocrx_word' id='word_1_214' title='bbox 295 3037 394 3125; x_wconf 81' lang='lat' dir='ltr'>cujus</span> <span class='ocrx_word' id='word_1_215' title='bbox 417 3036 475 3106; x_wconf 88' lang='lat' dir='ltr'>hic</span> <span class='ocrx_word' id='word_1_216' title='bbox 497 3039 646 3108; x_wconf 88' lang='lat' dir='ltr'>omnino</span> <span class='ocrx_word' id='word_1_217' title='bbox 670 3039 761 3110; x_wconf 87' lang='lat' dir='ltr'>ratio</span> <span class='ocrx_word' id='word_1_218' title='bbox 785 3035 884 3110; x_wconf 90' lang='lat' dir='ltr'>foret</span> <span class='ocrx_word' id='word_1_219' title='bbox 899 3037 1080 3128; x_wconf 86' lang='lat' dir='ltr'>habenda,</span> <span class='ocrx_word' id='word_1_220' title='bbox 1104 3062 1185 3116; x_wconf 91' lang='lat' dir='ltr'>nam</span> <span class='ocrx_word' id='word_1_221' title='bbox 1202 3040 1292 3133; x_wconf 86' lang='lat' dir='ltr'>ejus·</span> 
     </span>
     <span class='ocr_line' id='line_1_28' title="bbox 142 3129 1295 3232; baseline 0.003 -22"><span class='ocrx_word' id='word_1_222' title='bbox 142 3139 225 3228; x_wconf 89' lang='lat' dir='ltr'>dem</span> <span class='ocrx_word' id='word_1_223' title='bbox 246 3133 361 3230; x_wconf 83' lang='lat' dir='ltr'>gentis</span> <span class='ocrx_word' id='word_1_224' title='bbox 383 3129 463 3202; x_wconf 89' lang='lat' dir='ltr'>sunt</span> <span class='ocrx_word' id='word_1_225' title='bbox 485 3129 650 3224; x_wconf 73' lang='lat' dir='ltr'>augustia</span> <span class='ocrx_word' id='word_1_226' title='bbox 669 3132 768 3219; x_wconf 84' lang='lat' dir='ltr'>cujus</span> <span class='ocrx_word' id='word_1_227' title='bbox 783 3130 882 3204; x_wconf 86' lang='lat' dir='ltr'>foret</span> <span class='ocrx_word' id='word_1_228' title='bbox 900 3131 1085 3225; x_wconf 85' lang='lat' dir='ltr'>liberatio,</span> <span class='ocrx_word' id='word_1_229' title='bbox 1111 3151 1181 3210; x_wconf 86' lang='lat' dir='ltr'>tum</span> <span class='ocrx_word' id='word_1_230' title='bbox 1195 3136 1295 3232; x_wconf 89' lang='lat' dir='ltr'>quod</span> 
     </span>
     <span class='ocr_line' id='line_1_29' title="bbox 143 3223 1372 3321; baseline -0.001 -12"><span class='ocrx_word' id='word_1_231' title='bbox 143 3231 320 3316; x_wconf 87' lang='lat' dir='ltr'>Christus,</span> <span class='ocrx_word' id='word_1_232' title='bbox 344 3225 388 3298; x_wconf 88' lang='lat' dir='ltr'>de</span> <span class='ocrx_word' id='word_1_233' title='bbox 403 3225 544 3298; x_wconf 81' lang='lat' dir='ltr'>excidio</span> <span class='ocrx_word' id='word_1_234' title='bbox 558 3223 759 3316; x_wconf 84' lang='lat' dir='ltr'>Judaorum</span> <span class='ocrx_word' id='word_1_235' title='bbox 774 3245 838 3318; x_wconf 86' lang='lat' dir='ltr'>per</span> <span class='ocrx_word' id='word_1_236' title='bbox 854 3225 1034 3302; x_wconf 88' lang='lat' dir='ltr'>Romanos</span> <span class='ocrx_word' id='word_1_237' title='bbox 1048 3230 1216 3321; x_wconf 85' lang='lat' dir='ltr'>locutus,</span> <span class='ocrx_word' id='word_1_238' title='bbox 1242 3252 1294 3308; x_wconf 90' lang='lat' dir='ltr'>ta·</span> <span class='ocrx_word' id='word_1_239' title='bbox 1364 3256 1372 3270; x_wconf 90' lang='lat'><strong>·</strong></span> 
     </span>
     <span class='ocr_line' id='line_1_30' title="bbox 118 3317 1293 3420; baseline -0.002 -12"><span class='ocrx_word' id='word_1_240' title='bbox 118 3375 122 3384; x_wconf 90' lang='lat'>·</span> <span class='ocrx_word' id='word_1_241' title='bbox 143 3335 195 3408; x_wconf 91' lang='lat' dir='ltr'>les</span> <span class='ocrx_word' id='word_1_242' title='bbox 216 3343 401 3417; x_wconf 85' lang='lat' dir='ltr'>tantasque</span> <span class='ocrx_word' id='word_1_243' title='bbox 415 3343 472 3394; x_wconf 88' lang='lat' dir='ltr'>eas</span> <span class='ocrx_word' id='word_1_244' title='bbox 489 3319 651 3396; x_wconf 88' lang='lat' dir='ltr'>adfirmet</span> <span class='ocrx_word' id='word_1_245' title='bbox 664 3317 833 3416; x_wconf 73' lang='lat' dir='ltr'>angustias</span> <span class='ocrx_word' id='word_1_246' title='bbox 848 3319 952 3410; x_wconf 84' lang='lat' dir='ltr'>fore,</span> <span class='ocrx_word' id='word_1_247' title='bbox 977 3324 1094 3417; x_wconf 88' lang='lat' dir='ltr'>quales</span> <span class='ocrx_word' id='word_1_248' title='bbox 1108 3349 1293 3420; x_wconf 88' lang='lat' dir='ltr'>nunquam</span> 
     </span>
     <span class='ocr_line' id='line_1_31' title="bbox 109 3415 1296 3590; baseline -0.002 -90"><span class='ocrx_word' id='word_1_249' title='bbox 109 3449 114 3460; x_wconf 94' lang='lat'><strong>·</strong></span> <span class='ocrx_word' id='word_1_250' title='bbox 138 3427 248 3530; x_wconf 81' lang='lat' dir='ltr'>postea</span> <span class='ocrx_word' id='word_1_251' title='bbox 268 3422 530 3516; x_wconf 86' lang='lat' dir='ltr'>contingerent.</span> <span class='ocrx_word' id='word_1_252' title='bbox 568 3415 650 3590; x_wconf 41' lang='lat' dir='ltr'>{ua</span> <span class='ocrx_word' id='word_1_253' title='bbox 665 3419 784 3512; x_wconf 86' lang='lat' dir='ltr'>itaque</span> <span class='ocrx_word' id='word_1_254' title='bbox 799 3419 936 3496; x_wconf 87' lang='lat' dir='ltr'>ratione</span> <span class='ocrx_word' id='word_1_255' title='bbox 953 3419 1009 3493; x_wconf 92' lang='lat' dir='ltr'>hic</span> <span class='ocrx_word' id='word_1_256' title='bbox 1025 3421 1068 3493; x_wconf 89' lang='lat' dir='ltr'>de</span> <span class='ocrx_word' id='word_1_257' title='bbox 1084 3423 1296 3504; x_wconf 87' lang='lat' dir='ltr'>ultimorum</span> 
     </span>
     <span class='ocr_line' id='line_1_32' title="bbox 116 3513 1295 3622; baseline -0.004 -19"><span class='ocrx_word' id='word_1_258' title='bbox 116 3523 347 3622; x_wconf 85' lang='lat' dir='ltr'>·&#39;temporum</span> <span class='ocrx_word' id='word_1_259' title='bbox 361 3518 482 3616; x_wconf 87' lang='lat' dir='ltr'>populi</span> <span class='ocrx_word' id='word_1_260' title='bbox 499 3517 583 3592; x_wconf 87' lang='lat' dir='ltr'>Chri</span> <span class='ocrx_word' id='word_1_261' title='bbox 615 3516 683 3591; x_wconf 87' lang='lat' dir='ltr'>iani</span> <span class='ocrx_word' id='word_1_262' title='bbox 697 3515 806 3590; x_wconf 86' lang='lat' dir='ltr'>adseri</span> <span class='ocrx_word' id='word_1_263' title='bbox 821 3513 923 3612; x_wconf 84' lang='lat' dir='ltr'>poffit</span> <span class='ocrx_word' id='word_1_264' title='bbox 935 3516 1117 3614; x_wconf 74' lang='lat' dir='ltr'>angustiis,</span> <span class='ocrx_word' id='word_1_265' title='bbox 1145 3541 1202 3595; x_wconf 90' lang='lat' dir='ltr'>eas</span> <span class='ocrx_word' id='word_1_266' title='bbox 1217 3543 1295 3598; x_wconf 88' lang='lat' dir='ltr'>om·</span> 
     </span>
     <span class='ocr_line' id='line_1_33' title="bbox 143 3613 1292 3715; baseline -0.004 -15"><span class='ocrx_word' id='word_1_267' title='bbox 143 3625 244 3701; x_wconf 90' lang='lat' dir='ltr'>nium</span> <span class='ocrx_word' id='word_1_268' title='bbox 267 3616 527 3715; x_wconf 86' lang='lat' dir='ltr'>praeteritorum</span> <span class='ocrx_word' id='word_1_269' title='bbox 550 3630 751 3710; x_wconf 89' lang='lat' dir='ltr'>temporum</span> <span class='ocrx_word' id='word_1_270' title='bbox 772 3613 853 3688; x_wconf 88' lang='lat' dir='ltr'>sore</span> <span class='ocrx_word' id='word_1_271' title='bbox 868 3613 1044 3707; x_wconf 79' lang='lat' dir='ltr'>majores?</span> <span class='ocrx_word' id='word_1_272' title='bbox 1069 3613 1185 3713; x_wconf 87' lang='lat' dir='ltr'>Loqui</span> <span class='ocrx_word' id='word_1_273' title='bbox 1199 3640 1292 3695; x_wconf 88' lang='lat' dir='ltr'>vero</span> 
     </span>
     <span class='ocr_line' id='line_1_34' title="bbox 116 3709 1290 3883; baseline -0.005 -87"><span class='ocrx_word' id='word_1_274' title='bbox 116 3742 119 3748; x_wconf 90' lang='lat'>·</span> <span class='ocrx_word' id='word_1_275' title='bbox 144 3721 344 3800; x_wconf 90' lang='lat' dir='ltr'>Dominum</span> <span class='ocrx_word' id='word_1_276' title='bbox 370 3734 447 3790; x_wconf 88' lang='lat' dir='ltr'>non</span> <span class='ocrx_word' id='word_1_277' title='bbox 473 3712 517 3788; x_wconf 90' lang='lat' dir='ltr'>de</span> <span class='ocrx_word' id='word_1_278' title='bbox 545 3712 661 3790; x_wconf 89' lang='lat' dir='ltr'>ultimi</span> <span class='ocrx_word' id='word_1_279' title='bbox 680 3712 887 3883; x_wconf 39' lang='lat' dir='ltr'>{emporim</span> <span class='ocrx_word' id='word_1_280' title='bbox 920 3711 980 3786; x_wconf 93' lang='lat' dir='ltr'>sed</span> <span class='ocrx_word' id='word_1_281' title='bbox 999 3709 1203 3808; x_wconf 84' lang='lat' dir='ltr'>Judaeorum</span> <span class='ocrx_word' id='word_1_282' title='bbox 1225 3737 1290 3812; x_wconf 88' lang='lat' dir='ltr'>per</span> 
     </span>
     <span class='ocr_line' id='line_1_35' title="bbox 657 3815 1292 3909; baseline 0 -3"><span class='ocrx_word' id='word_1_283' title='bbox 657 3868 661 3877; x_wconf 86' lang='lat'><em>.</em></span> <span class='ocrx_word' id='word_1_284' title='bbox 720 3833 805 3909; x_wconf 76' lang='lat' dir='ltr'>yut</span> <span class='ocrx_word' id='word_1_285' title='bbox 1166 3815 1292 3906; x_wconf 68' lang='lat' dir='ltr'>Roma</span> 
     </span>
    </p>
   </div>
   <div class='ocr_carea' id='block_1_3' title="bbox 149 3957 1293 4116">
    <p class='ocr_par' dir='ltr' id='par_1_6' title="bbox 149 3937 1293 4116">
     <span class='ocr_line' id='line_1_36' title="bbox 149 3957 1293 4116; baseline 0.002 -92"><span class='ocrx_word' id='word_1_286' title='bbox 149 3979 205 4116; x_wconf 46' lang='grc' dir='ltr'>ηιξ</span> <span class='ocrx_word' id='word_1_287' title='bbox 225 3961 333 4070; x_wconf 67' lang='lat' dir='ltr'>⁴chron.</span> <span class='ocrx_word' id='word_1_288' title='bbox 353 3957 384 4026; x_wconf 80' lang='lat' dir='ltr'>S.</span> <span class='ocrx_word' id='word_1_289' title='bbox 403 3975 435 4040; x_wconf 81' lang='lat' dir='ltr'>p.</span> <span class='ocrx_word' id='word_1_290' title='bbox 457 3975 494 4022; x_wconf 62' lang='grc' dir='ltr'>τ..</span> <span class='ocrx_word' id='word_1_291' title='bbox 505 3975 533 4040; x_wconf 86' lang='lat' dir='ltr'>p.</span> <span class='ocrx_word' id='word_1_292' title='bbox 555 3961 627 4038; x_wconf 71' lang='lat'>4683</span> <span class='ocrx_word' id='word_1_293' title='bbox 824 3959 841 4022; x_wconf 85' lang='lat' dir='ltr'>i</span> <span class='ocrx_word' id='word_1_294' title='bbox 862 3957 898 4021; x_wconf 88' lang='lat' dir='ltr'>ad</span> <span class='ocrx_word' id='word_1_295' title='bbox 916 3957 998 4040; x_wconf 76' lang='lat' dir='ltr'>Dan3</span> <span class='ocrx_word' id='word_1_296' title='bbox 1017 3959 1036 4024; x_wconf 82' lang='lat' dir='ltr'>l.</span> <span class='ocrx_word' id='word_1_297' title='bbox 1058 3975 1086 4024; x_wconf 85' lang='lat'>1.</span> <span class='ocrx_word' id='word_1_298' title='bbox 1107 3957 1170 4026; x_wconf 74' lang='lat' dir='ltr'>seit.</span> <span class='ocrx_word' id='word_1_299' title='bbox 1193 3977 1239 4026; x_wconf 83' lang='lat'>11.</span> <span class='ocrx_word' id='word_1_300' title='bbox 1259 3977 1293 4046; x_wconf 55' lang='lat' dir='ltr'>p,</span> 
     </span>
    </p>
   </div>
   <div class='ocr_carea' id='block_1_4' title="bbox 0 0 1736 4774">
    <p class='ocr_par' dir='ltr' id='par_1_7' title="bbox 0 0 1736 4774">
     <span class='ocr_line' id='line_1_37' title="bbox 0 0 1736 4774; baseline 0 1"><span class='ocrx_word' id='word_1_301' title='bbox 0 0 1736 4774; x_wconf 95' lang='lat' dir='ltr'> </span> 
     </span>
    </p>
   </div>
  </div>
 </body>
</html>
