3494 4802
432 411 499 526 192'
582 393 1414 516 uittanrarrouns

428 611 527 708 quod
560 633 607 686 ex
633 612 901 707 comparatione
932 631 1015 688 cum
1043 608 1119 686 uiso
1151 611 1312 709 imaginis
1335 610 1387 686 est
1407 606 1578 706 colligen-

290 730 292 742 ⁴
429 713 534 798 dum.¹
579 709 660 784 Visa
683 714 777 786 enim
804 733 850 786 co
871 719 1041 800 tendere,
1067 733 1104 784 u.
1127 707 1190 784 fibi
1208 709 1363 784 invicem
1386 710 1503 782 iucem
1522 727 1578 780 ac

426 807 610 896 cendant,
643 809 679 882 δι
701 829 895 905 regnorum
923 809 1121 882 eorundem
1150 807 1301 882 diverlas
1323 808 1507 902 qualitates
1528 803 1578 886 ob

425 906 553 982 oculos
576 923 735 999 ponant,
761 907 851 999 laepe
878 907 1012 980 notavi.

474 1006 506 1092 §.
535 1001 697 1076 XXXVI.
726 1002 855 1076 Cornua
877 1003 1025 1092 decem,
1050 1017 1092 1078 ut
1106 1000 1295 1094 systematis
1310 998 1416 1094 paulo
1437 997 1580 1093 plenio·

424 1119 502 1176 reru
529 1097 746 1174 intehetium
771 1099 939 1176 brevibus
961 1103 1136 1194 pandam,
1170 1099 1321 1174 totidem
1345 1117 1444 1194 reges
1469 1097 1578 1186 sunt,

423 1197 547 1288 quire
571 1218 616 1270 na
641 1196 880 1274 condiderunt
905 1198 944 1272 in
964 1218 1078 1296 regno
1102 1195 1366 1284 Alexandrino,
1401 1209 1580 1282 unacum

424 1291 528 1367 succe
557 1295 701 1385 oribus,
727 1297 884 1389 exceptis
906 1294 1018 1369 tribus
1045 1291 1262 1388 exstirpatis3
1294 1311 1384 1386 quos
1408 1312 1453 1365 ex
1472 1290 1581 1366 histo·

423 1391 476 1463 ria
499 1389 889 1483 sequentesexhibeo,
915 1390 1191 1490 Antigonum&
1214 1389 1441 1466 Demetrium
1463 1387 1502 1462 in
1529 1389 1580 1464 A·

402 1485 497 1576 Aa,
522 1485 769 1580 Lysimachum
793 1488 832 1562 in
852 1488 1028 1580 Thracia,
1053 1488 1277 1564 Caliandrum
1292 1489 1329 1560 in
1343 1486 1580 1577 Macedonia,
1636 1559 1644 1570 ,

425 1583 656 1660 Ptolemaeum
677 1583 763 1684 Lagi
783 1585 822 1660 in
840 1584 1021 1683 AEgypto,
1047 1585 1270 1661 Philetaenrm
1297 1585 1335 1658 in
1354 1583 1433 1657 Aha
1456 1583 1582 1680 Perga·

424 1703 559 1771 mena,
590 1681 657 1752 Bas
685 1685 743 1755 vel
770 1683 942 1776 Sipoeten
975 1685 1011 1760 in
1041 1683 1232 1777 Bithynia,
1270 1679 1515 1758 Mithridatem
1540 1683 1583 1762 in

431 1777 570 1866 Ponto,
597 1778 819 1854 Ariarathem
840 1781 878 1854 in
901 1781 1142 1875 Cappadocia,
1167 1781 1432 1873 &Atropatem
1448 1780 1484 1853 in
1500 1777 1584 1852 Me·

431 1875 488 1947 dia
510 1873 711 1968 Atropatia
762 1873 918 1958 Parvum
939 1900 1059 1965 cornu,
1085 1879 1242 1952 interea
1264 1878 1302 1951 in
1326 1877 1472 1952 sublime
1496 1895 1586 1949 eve-

430 1969 551 2058 llum,
576 1969 732 2068 designat
754 1972 922 2050 Seleucum
946 1973 1146 2065 Nicatora,
1172 1975 1232 2067 qui
1256 1975 1383 2070 partim
1406 1973 1479 2066 ipse
1502 1993 1584 2066 par-

426 2069 491 2144 tim
514 2068 552 2143 in
579 2066 854 2162 succelioribus,
891 2071 925 2146 ἃ
949 2071 1131 2166 inprimis
1160 2071 1344 2146 Antiocho
1364 2069 1582 2165 Epiphane,

425 2187 553 2240 omnes
582 2166 685 2258 hujus
713 2189 827 2245 cornu
847 2168 956 2244 lineas
987 2168 1108 2244 exalte
1136 2167 1306 2263 praestitit.
1370 2167 1457 2263 Tria¹
1479 2166 1584 2240 deni.

425 2283 498 2358 que
522 2285 677 2355 cornua,
702 2266 746 2338 ab
773 2266 849 2362 ipso
872 2265 1027 2360 dejecta,
1054 2265 1134 2342 sunt
1155 2265 1244 2340 Anti
1267 2287 1368 2355 onus,
1385 2263 1581 2361 Dmrgtriur
1632 2307 1638 2318 ·

366 2399 368 2404 ·
431 2357 716 2459 &lyfimacbusa
742 2366 875 2460 reliqua
902 2363 997 2463 gesta
1019 2363 1220 2442 Antiochus
1242 2291 1584 2458 {piphanesyunus

305 2483 309 2492 ·
427 2457 664 2537 succeffmum
694 2462 792 2554 ejus,
824 2481 995 2538 executus
1024 2462 1090 2542 est.
1146 2460 1226 2536 Post
1253 2461 1392 2535 Seleuci
1415 2476 1585 2556 tempora

396 2601 399 2606 ·
426 2556 467 2630 in
488 2559 565 2650 ejus
585 2580 697 2654 regno
718 2575 844 2634 exorta
863 2559 943 2642 suna
964 2559 1038 2636 duo
1059 2581 1189 2732 regna,
1214 2557 1433 2634 mutianum
1449 2559 1583 2633 aThc·

365 2660 370 2668 '
428 2653 566 2740 odoro,
597 2655 766 2727 Armenia
787 2659 831 2730 ab
858 2656 1063 2732 Artaxia&
1115 2656 1277 2730 adriado:
1310 2678 1386 2752 quae
1412 2677 1495 2732 cum
1519 2656 1582 2729 Se-

428 2749 646 2823 leucidarum
669 2771 783 2848 regno
809 2752 951 2846 reliquis
975 2753 1093 2828 addita
1119 2777 1289 2829 numerum
1314 2755 1496 2828 denarium
1518 2753 1579 2834 de·

428 2865 505 2918 nuo
532 2841 784 2937 constituunt,
831 2851 866 2924 dc
895 2869 1005 2948 regna
1039 2873 1104 2945 per
1134 2854 1255 2948 ligitur
1282 2849 1401 2924 coloffi
1428 2846 1578 2944 capitia.
1633 2912 1637 2920 ,

428 2939 520 3040 Quae
548 2941 647 3030 sunt,
680 2943 982 3036 Macedonicum,
1014 2949 1252 3047 Lagidarum,
1284 2947 1604 3040 Seleucidarum,

428 3039 706 3136 Pergamenum,
731 3039 932 3135 Bathyniae,
961 3044 1088 3135 Ponti,
1120 3045 1373 3141 Cappadocia,
1407 3044 1578 3136 Baclriae,

429 3137 636 3225 Armeniae,
662 3137 848 3215 &Medic
872 3143 1079 3236 Atropatiae.
1129 3143 1261 3242 Regnis
1284 3142 1440 3218 Parthico
1461 3144 1496 3218 dc
1517 3141 1578 3216 In-

428 3235 497 3308 dico
519 3254 626 3405 quaine
650 3235 772 3406 {ocum
794 3238 932 3316 nullum
953 3240 1141 3333 dederim,
1166 3241 1335 3338 sequente
1352 3239 1581 3317 Dissertatio·-

429 3352 709 3425 oemmo
1074 3371 1076 3382 =

462 3431 511 3522 §-
538 3427 720 3512 XXXVlI.
744 3431 826 3511 Hoc
848 3433 995 3528 systema
1017 3437 1313 3531 quemadmodum
1335 3459 1418 3514 cum
1444 3457 1577 3536 praece·

314 3595 317 3618 ,
428 3527 594 3604 dentibus
626 3529 753 3606 horum
778 3533 931 3609 visorum
961 3536 1115 3628 partibus
1144 3554 1226 3629 apte
1251 3537 1432 3624 cohaeret,
1465 3557 1578 3634 regna

356 3627 358 3632 ’
428 3629 524 3702 enim
553 3627 710 3702 Orientis
740 3627 800 3702 sabi
827 3630 954 3706 ordine
985 3631 1252 3726 succelierunt,
1286 3633 1576 3727 Babylonicum,
1661 3711 1666 3718 ,

426 3722 634 3813 Medicum,
666 3725 838 3803 Persicum
863 3728 896 3800 dc
919 3727 1222 3821 Macedonicum
1254 3747 1294 3808 ut
1317 3729 1575 3826 err-superiori·

425 3819 492 3896 bus
521 3817 829 3900 Diiiertadonihus
851 3823 996 3913 elucet,
1028 3825 1075 3902 sle
1095 3825 1167 3902 sele
1187 3829 1221 3903 ἃ
1243 3851 1289 3905 eo
1316 3828 1573 3918 commendat,

425 3903 523 4011 quod
555 3933 588 3998 ι.
611 3916 801 4022 harmoniae
828 3922 931 4007 verbi
953 3923 1181 4020 prophetici,
1199 3927 1278 4004 lata
1303 3947 1496 4027 regnorum
1516 3945 1576 3998 us-

1499 4040 1573 4117 que
1617 4055 1626 4070 ·
