3444 4778
423 403 493 509 ,sa
587 361 1408 480 conmxnrxntus

424 577 561 654 sensum
582 572 724 648 retulitr
749 566 838 640 adeo
855 574 915 648 ut,
939 553 1002 631 nifi
1023 553 1059 625 in
1075 545 1192 623 verbis
1208 543 1244 618 du
1260 535 1458 636 phrafibus,
1485 529 1569 605 nihil

426 673 555 750 nostrae
571 672 612 744 lit
630 665 787 742 relisum
804 681 909 736 curae·

475 775 506 860 §.
526 763 735 840 CXXXVll.
768 759 908 841 Verba,
939 770 1002 822 nou
1022 748 1085 818 erit
1101 737 1189 834 ficut
1209 739 1300 832 prius
1326 729 1369 814 ἐξ
1385 727 1475 824 suut
1488 720 1564 822 poll·

425 871 533 955 erius,
559 863 606 936 ita
623 885 653 934 ra
683 855 840 952 plurimis
867 849 945 941 capi
969 845 1103 927 solent,
1137 853 1179 910 ut
1199 835 1278 906 duas
1328 823 1508 900 recessisse
1529 827 1563 896 iu

427 963 633 1059 Aegyptum
653 952 915 1046 expeditiones,
942 944 1100 1031 hancque
1120 934 1277 1006 ultimam
1297 853 1397 1000 llnte
1413 927 1562 1009 tunam,

425 1061 483 1133 cui
513 1060 756 1130 Romanorum
784 1043 889 1142 legati
918 1037 1026 1112 finem
1049 1030 1319 1124 imposuerunt,
1360 1016 1564 1116 significent.

433 1153 512 1229 Tres
534 1155 628 1226 enim
651 1148 759 1242 uolgo
782 1142 1004 1221 statuuntur,
1035 1151 1081 1205 ne
1104 1128 1147 1202 de
1171 1121 1331 1206 Ullerio,
1356 1118 1417 1211 qui
1431 1129 1564 1212 quatuor

427 1251 564 1338 voluit,
602 1248 727 1322 dicam.
787 1237 904 1312 Prima
923 1233 1040 1318 foret,
1073 1247 1162 1320 qua,
1193 1220 1431 1294 Philometore
1454 1208 1567 1304 profli-

425 1367 531 1448 gato,
556 1367 596 1419 ac
620 1339 798 1418 adsociato
815 1334 898 1422 libi,
923 1332 1148 1424 Aegyptum,
1173 1333 1321 1408 excepta
1335 1307 1566 1392 Alexandria,

425 1441 655 1541 subjugasset,
688 1437 923 1524 domumque,
955 1420 1082 1499 inradia
1105 1417 1241 1512 Judaea,
1273 1405 1477 1503 repetiisset
1513 1401 1563 1475 Se·

426 1543 531 1617 cunda
553 1533 801 1617 Philometori,
837 1531 879 1601 ab
903 1516 1165 1603 Alexandrinis,
1197 1506 1327 1602 rejeelo
1348 1505 1478 1592 fratre,
1503 1499 1570 1573 suf·

425 1637 548 1726 reso,
573 1628 808 1716 restituendo,
834 1617 1101 1698 &Alexandriae
1118 1605 1353 1702 occupandae,
1374 1599 1492 1676 fuisset
1506 1599 1567 1672 im·

430 1735 548 1831 pensa.
598 1731 714 1830 Quae,
741 1721 867 1799 frustra
888 1719 1066 1809 suscepta,
1092 1713 1128 1783 in
1142 1705 1277 1799 Judaeos
1292 1702 1403 1796 prima
1417 1700 1495 1769 vice
1510 1693 1567 1766 ad·

428 1829 602 1926 iligendos
625 1823 774 1898 exiisset.
828 1817 941 1913 Tertia
962 1815 1037 1886 haec
1057 1805 1129 1901 ipsa
1143 1803 1264 1890 foret,
1289 1798 1414 1892 quade
1428 1795 1484 1866 hic
1498 1791 1565 1886 agi·

389 1932 392 1938 '
428 1941 498 2002 tur.
546 1923 637 2034 Quae
657 1913 856 2012 hypothesis
877 1911 994 1986 nescio
1016 1929 1059 1980 an
1077 1925 1122 1976 ex
1138 1901 1227 1977 male
1244 1892 1423 1972 intelleilo
1440 1887 1567 1965 Danie-

429 2023 465 2096 le
486 2020 661 2132 originem
684 2035 757 2088 non
779 2007 944 2088 habeats,
962 2004 1145 2096 Nusquam
1166 2001 1287 2088 utique
1310 1995 1447 2087 duplicis
1464 2006 1567 2079 expe·

428 2119 591 2204 ditionis,
617 2116 754 2187 alterius
776 2108 819 2181 ad
841 2108 1043 2202 Aegyptum
1064 2093 1341 2179 devincendam,
1371 2089 1508 2160 alturus
1526 2081 1568 2154 ad

429 2215 709 2293 Philometorem
723 2207 793 2282 sedi
810 2204 875 2280 suae
890 2192 1270 2283 reddendum,mentio
1282 2185 1570 2277 occurrit,quau·

430 2331 510 2389 ttrm
531 2311 637 2397 novi,
662 2306 753 2402 apud
778 2304 965 2398 probatum
988 2295 1137 2387 aliquem
1154 2286 1370 2362 historicum.
1420 2279 1503 2353 Una
1518 2297 1572 2351 ea·

430 2411 583 2505 demque
606 2406 692 2481 serie
710 2401 850 2491 omnia,
875 2420 952 2490 quae
966 2409 1047 2468 ante
1065 2389 1221 2463 ultimam
1237 2385 1327 2458 hane
1341 2377 1496 2456 nostram
1515 2397 1570 2450 ex·

429 2505 651 2603 peditionem
669 2501 739 2668 efiit
752 2503 789 2573 in
805 2499 992 2592 Aegypto,
1018 2501 1223 2569 narrantur,
1239 2478 1449 2575 possuntque
1466 2476 1571 2548 etiam

428 2607 469 2680 in
491 2624 596 2676 unam
622 2621 686 2672 ean
712 2615 839 2684 emque
860 2589 979 2666 omnia
1001 2582 1095 2659 teile
1118 2579 1295 2667 conferri3
1324 2588 1366 2650 ut
1386 2576 1479 2647 bene
1496 2569 1572 2644 Viri

427 2696 655 2782 Domsfimi,
694 2687 847 2763 Valefius
876 2707 894 2746 a
923 2685 957 2757 dt
980 2681 1221 2778 Jungmannus
1250 2677 1291 2762 b,
1329 2669 1572 2746 observarunt.

430 2794 553 2891 Quid?
578 2789 674 2884 quod
709 2787 853 2858 rMacc.
881 2803 992 2853 1:20.
1018 2780 1129 2870 prima
1152 2773 1353 2862 Judaeorum
1373 2787 1437 2862 per
1458 2764 1571 2859 ipsum

320 2881 327 2900 “
430 2893 577 2963 vexatio
601 2879 820 2958 subnectatur
844 2876 934 2950 haud
953 2873 1112 2949 obscure.
1161 2869 1340 2944 Secundam
1360 2863 1498 2958 quidem
1512 2881 1571 2934 ex·

430 2985 653 3082 peditionern
674 2976 800 3070 diserte
822 2972 972 3065 adpellat
992 2983 1094 3044 autor
1106 2966 1244 3060 secundi
1263 2963 1423 3036 Maccab.
1437 2982 1469 3034 c.
1483 2979 1518 3034 vt
1540 2977 1569 3037 t.

431 3102 538 3174 quern
559 3079 677 3152 locum
697 3075 811 3149 minus
837 3069 992 3143 feliciter
1014 3064 1214 3158 expedivit,
1242 3063 1276 3136 dt
1298 3059 1341 3133 ad
1356 3057 1451 3132 suam
1466 3055 1575 3151 hypo-

432 3177 545 3252 thesin
566 3164 1002 3248 adcommodavit‘Doiius
1016 3165 1052 3238 in
1068 3162 1186 3257 primis
1199 3157 1265 3232 Vir
1283 3156 1527 3252 Jungmannus
1540 3171 1575 3226 τι

432 3274 492 3349 sed
520 3271 692 3358 nostram,
727 3270 761 3343 dc
784 3267 962 3352 ultimam,
997 3259 1144 3336 omnino
1173 3257 1208 3330 in
1237 3254 1347 3328 oculis
1373 3252 1497 3326 habuit
1516 3245 1576 3322 ilie

433 3385 559 3462 autom
585 3384 625 3444 ut
638 3389 681 3440 ex
696 3364 899 3459 Judaeorum
917 3360 1134 3444 calamitate,
1160 3375 1243 3426 eum
1266 3349 1468 3428 immediate
1483 3347 1574 3422 secu·

431 3485 490 3557 ta,
517 3489 619 3564 quam
640 3465 688 3539 ihi
715 3477 852 3547 narrat,
878 3453 1100 3532 manifestum
1116 3451 1185 3524 effe
1202 3471 1295 3524 reor.
1348 3445 1481 3520 Eadem
1505 3441 1576 3537 qui·

433 3567 515 3640 dem
535 3565 623 3640 mala
640 3563 738 3645 sunt,
764 3579 840 3649 que
854 3561 978 3650 primus
994 3551 1107 3623 Mace.
1126 3549 1215 3620 iiber
1225 3552 1348 3640 primae
1362 3537 1577 3637 expeditioni

433 3662 638 3761 subjungit,
680 3655 738 3730 sed
756 3657 836 3728 duas
858 3647 1009 3726 diversas
1032 3644 1273 3739 infestationes
1293 3644 1337 3715 ab
1358 3641 1429 3715 hoc
1451 3655 1574 3750 autore
1662 3647 1664 3652 ’

1438 3757 1578 3830 permis

352 3972 368 4002 ‚
456 3902 700 4056 ¹5ciadprc4egpr
721 3895 844 3966 Diodoti
855 3911 887 3976 p.
904 3909 951 3968 49,
1029 3893 1045 3954 i
1066 3887 1190 3954 adDau.
1208 3883 1362 3952 1.1.8eet
1380 3897 1426 3944 11.
1448 3895 1509 3958 cap.
1528 3893 1572 3953 ις.
