3444 4778
423 455 495 538 57,
599 401 1412 536 commentarius

423 611 521 666 noua
546 585 736 672 Antiochi,
778 581 853 676 quae'
876 603 1007 656 novam
1031 577 1189 652 adferret
1209 577 1366 667 cladem,
1392 578 1461 654 alio
1477 597 1518 652 ac
1532 581 1572 655 ad

425 687 655 761 hellanicum
679 680 878 774 Physcone,
896 701 995 752 novo
1017 699 1120 774 rege,
1139 677 1171 748 dt
1190 675 1455 765 Alexandrinis,
1479 681 1573 770 quod

425 783 535 860 modo
558 803 601 853 ex
618 779 760 853 historia
782 781 817 851 in
836 779 951 850 lucem
973 777 1124 870 protuli,
1143 772 1298 868 spatiare
1322 797 1395 848 non
1420 777 1572 868 poterit,

424 881 601 954 convenit
625 880 769 951 veroin
792 897 888 962 eam,
911 873 997 947 teste
1015 873 1177 957 historia,
1201 869 1333 946 exone.
1385 872 1576 948 Audiamus

429 979 538 1054 modo
562 977 703 1050 Liuium
727 997 765 1059 a,
791 974 891 1064 cujus
913 975 987 1044 hae
1002 970 1080 1044 sunt
1094 971 1217 1042 verba.
1268 967 1455 1042 Antiochus
1472 970 1577 1066 Syrio

426 1098 506 1160 rea,
547 1080 601 1168 qui
622 1071 703 1166 ohfer
727 1071 836 1142 Roma
854 1068 1003 1160 fuerat,
1033 1085 1092 1165 per
1114 1063 1272 1158 horresiam
1282 1065 1422 1163 speciem
1446 1071 1577 1163 majoris

429 1171 599 1244 Ptolemaei
628 1171 798 1242 reducendi
822 1173 857 1239 in
880 1189 1040 1262 regnum,
1081 1169 1198 1239 helhum
1220 1189 1295 1237 tum
1317 1171 1439 1238 minore
1461 1163 1575 1255 fratre

430 1273 526 1367 ejus,
551 1275 692 1364 quitum
710 1265 947 1338 Alexandriam
964 1267 1110 1350 tenebat,
1134 1285 1270 1357 gerens,
1296 1261 1339 1346 δ’
1354 1265 1396 1334 ad
1413 1259 1577 1355 Pelufiurn

428 1369 549 1446 novali
570 1369 681 1461 prelio
708 1364 809 1436 atuor
824 1359 963 1452 fuerat,
999 1360 1042 1444 ἃ
1065 1364 1389 1456 tumultuarioopere
1410 1375 1578 1456 pantapte

430 1461 563 1536 Nilum·
572 1461 663 1553 faiho
685 1456 902 1556 transgreffur
925 1481 996 1531 curn
1017 1462 1181 1544 exercitu,
1207 1455 1359 1548 ohfidione
1383 1459 1484 1552 ipsam
1501 1459 1580 1531 Alei
1680 1502 1685 1516 ·

428 1563 602 1635 nandrinm
627 1563 786 1632 terrehttt:
820 1575 880 1628 nec·
901 1559 1012 1651 procui
1034 1550 1163 1652 adesse,
1198 1561 1275 1648 quin
1300 1559 1459 1648 potiretur
1484 1579 1580 1651 regno

429 1654 679 1751 epulentiffimo,
718 1657 903 1728 videbatur.
960 1653 1137 1726 Addamus
1162 1655 1272 1724 verba
1293 1653 1507 1744 Hieronymi
1535 1674 1580 1728 er

431 1756 653 1847 Porphyrio,
680 1755 823 1846 quibus,
850 1750 939 1823 faeta
962 1749 1041 1844 post
1062 1750 1217 1843 pralium
1239 1767 1319 1822 cum
1341 1749 1580 1825 Philometore

432 1855 554 1924 omnia
586 1850 782 1922 summatim
806 1850 1039 1939 complexus,
1080 1865 1206 1920 narrat.
1273 1843 1375 1918 Porro
1396 1845 1579 1922 Antiochus

428 1961 569 2045 parcens
587 1960 706 2039 puero,
742 1943 1014 2041 (Philometon,
1041 1945 1108 2032 jam
1131 1945 1252 2017 dedito
1272 1942 1383 2041 ipli,)
1408 1943 1451 2027 ἐξ
1470 1951 1582 2018 arniti-

430 2049 497 2117 tt'ar
513 2037 692 2135 simulans,
721 2038 887 2136 aristandri
912 2041 1101 2136 Memphin,
1137 2040 1180 2124 ὅ
1201 2045 1245 2114 ihi
1270 2066 1310 2114 ert
1335 2065 1419 2114 rnore
1436 2043 1580 2138 Aegypti

431 2161 569 2236 regnunt
596 2144 776 2234 accipient,
811 2143 967 2234 puerique
997 2143 1090 2210 rehus
1102 2138 1141 2231 se
1161 2141 1329 2234 prouidere
1355 2141 1482 2227 dicens,
1513 2163 1582 2216 tum

431 2241 550 2314 modim
570 2242 684 2334 populo
707 2261 827 2311 omnem
845 2233 1034 2332 Aegyptum
1039 2235 1238 2332 subjugavit
1246 2234 1311 2329 fiht'
1321 2287 1333 2322 ,
1360 2235 1403 2319 θ’
1419 2241 1582 2312 adundan-

431 2351 480 2410 τες
509 2359 547 2410 ac
569 2340 747 2412 uberrimas
769 2329 929 2432 ingraffus
957 2329 1001 2423 esi
1022 2339 1187 2408 civitates.
1246 2331 1385 2434 Quibus
1409 2357 1483 2411 non
1504 2359 1580 2430 pos·

431 2433 507 2510 sum
531 2438 616 2530 quin
642 2432 883 2526 hac-Josephi
907 2434 1015 2506 verba
1037 2429 1247 2506 subnedham.
1300 2429 1438 2528 Igitur,
1464 2438 1506 2505 ad
1522 2433 1582 2508 Pe·

431 2529 548 2624 duflum
565 2556 637 2606 cunt
650 2538 779 2627 magnis
792 2535 892 2626 capiis
906 2526 1088 2625 profeiius,
1121 2528 1164 2612 ὃ*
1177 2535 1396 2626 circumuento
1403 2529 1582 2621 fraudibus

430 2623 605 2704 Ptolemae
622 2627 854 2718 Philometore,
869 2627 1061 2724 Aegyptum
1076 2642 1228 2724 occupat:
1246 2651 1377 2725 tumque
1394 2633 1460 2702 lora
1478 2629 1582 2704 Mern-

428 2729 488 2824 phi
510 2732 625 2799 uicina
645 2722 792 2822 adirffet,
826 2748 954 2820 eamque
975 2739 1118 2814 teneret,
1142 2723 1383 2800 Alexandriam
1399 2731 1580 2816 contendit,

431 2839 472 2896 ott
503 2847 571 2894 earn
599 2821 751 2912 ohfidione
778 2835 924 2915 caperet,
960 2821 1003 2904 d?
1031 2838 1221 2916 regnantem
1246 2827 1292 2896 ihi
1314 2822 1519 2898 Ptolemaeum
1541 2831 1579 2898 r'rt

423 2916 524 3019 suam
542 2915 729 3012 potestatem
753 2920 923 3013 redigeret.
983 2917 1141 2994 Pluribus
1164 2921 1207 2998 ad
1233 2923 1429 2998 verborum
1444 2919 1575 2999 sensum

434 3014 469 3088 dt
490 3015 761 3108 implementum
782 3035 872 3109 opus
897 3035 970 3090 non
995 3014 1065 3089 elle
1083 3035 1229 3114 putem,
1254 3041 1337 3094 cum
1352 3023 1471 3096 omnia
1485 3041 1579 3096 nuuc

431 3111 538 3208 plana
556 3110 632 3186 sint.
683 3111 862 3188 Exercitus
882 3115 971 3208 ejus,
1005 3115 1195 3206 Antiochi,
1231 3120 1421 3207 inundabit,
1449 3117 1581 3194 scilicet

433 3209 730 3303 quaquaversum,
756 3211 874 3286 omnia
893 3211 972 3286 loca
993 3233 1057 3306 per
1071 3227 1183 3288 totam
1199 3216 1424 3312 Aegyptum,
1451 3218 1580 3310 dequo

431 3308 491 3384 hic
512 3313 634 3406 agitur.
685 3307 794 3382 Nulla
817 3311 913 3385 enim
927 3311 1110 3386 hominum
1128 3331 1188 3388 aut
1201 3313 1362 3388 locorum
1377 3332 1576 3403 certorum,

433 3419 513 3501 quae
528 3409 804 3495 inundarentur,
829 3407 919 3482 iahia
933 3409 1138 3499 mentione,
1165 3413 1283 3486 omnia
1299 3411 1574 3507 quaquaversum

432 3505 505 3578 elle
523 3506 731 3598 occupanda
747 3505 941 3580 indicatur:
959 3503 1001 3588 ὃ
1019 3509 1131 3582 radent
1148 3505 1274 3606 confoffi
1286 3514 1404 3600 multi,-
1420 3510 1526 3596 srcut,
1542 3513 1575 3584 in

426 3609 555 3700 praelio
576 3609 695 3677 navali
716 3624 880 3696 exparte
901 3601 1030 3678 fartum
1052 3603 1143 3695 effe,
1174 3607 1283 3682 modo
1305 3629 1348 3684 ex
1370 3609 1476 3682 Livio
1493 3609 1575 3681 vidi·

430 3723 521 3776 mus.
573 3701 640 3774 Sed
662 3700 803 3796 poliunt
824 3703 933 3776 verba
954 3704 1129 3798 generalia
1151 3706 1193 3778 ad
1218 3729 1360 3794 omnes,
1386 3707 1423 3781 in
1439 3705 1575 3801 expedi-

432 3799 531 3874 tione
555 3798 621 3872 hac
640 3799 815 3876 Antiochi
829 3799 984 3898 occisos,
1008 3799 1156 3884 &antea
1169 3804 1231 3884 luh
1246 3805 1515 3892 Philometore,
1542 3804 1573 3875 dt

465 4017 522 4078 ol.
543 4031 628 4082 utu:
650 4033 696 4091 19.
1479 3919 1571 3986 nunc
