3416 4746
282 445 285 452 ,
412 362 483 470 m
580 339 1399 451 counsnrausus

420 533 522 607 inito
537 524 754 608 certamine,
781 517 874 613 quod
897 513 1072 606 descripfrt
1091 513 1254 605 Polybius
1271 531 1308 602 a,
1326 510 1503 608 fugauit,
1525 518 1570 602 ἃ

423 651 495 700 cam
517 627 619 696 decem
644 623 787 692 millibus
805 629 1022 695 arnratorana,
1057 611 1172 684 verbis
1196 608 1310 684 rursus
1336 630 1416 685 utor
1440 613 1573 690 Hiero·

420 721 542 814 uymi,
568 713 845 812 obsedit'alausam
868 715 903 782 in
927 709 1063 795 Sidone,
1096 710 1131 778 ab
1152 729 1243 800 quem
1264 709 1465 782 liberandum
1481 710 1569 804 eadit

426 818 619 890 Ptolemaeis
644 812 887 884 doctrinaliter
910 803 1048 898 Eropem
1071 801 1113 890 ,ἐξ
1135 801 1316 874 Menestam
1337 801 1381 886 θ
1404 803 1570 882 Demeae·

424 937 514 990 ratem.
565 909 626 982 Sed
654 905 838 1001 abstdionem
853 901 982 998 solvere
1002 923 1065 971 nan
1078 904 1204 992 potuit,
1230 893 1571 999 doneasamefupera-

426 1027 479 1084 tat
508 1009 624 1102 Scopas
651 1025 767 1078 manas
797 1002 902 1090 tetta,
943 996 986 1080 δ’
1008 997 1113 1067 nudas
1139 1019 1210 1067 cam
1222 994 1323 1088 sociis
1346 997 1492 1094 dimiffas
1515 1001 1570 1094 esi.

426 1106 603 1204 Quando,
630 1101 718 1176 teste
742 1097 889 1187 Polybio
910 1106 946 1180 a,
974 1092 1108 1184 recepit
1130 1093 1328 1164 Antiochus
1344 1093 1570 1190 Batanaeam,
1647 1180 1649 1182 ,

428 1207 461 1276 ba
486 1205 690 1286 Samariam,
714 1197 747 1268 δι
769 1197 871 1272 Abila
893 1192 927 1262 oa
950 1189 1106 1275 Gadara,
1137 1203 1172 1260 at
1194 1211 1233 1260 ae
1246 1192 1341 1282 paulo
1355 1189 1424 1283 post
1443 1191 1570 1288 Judaei

416 1299 487 1392 sesa
511 1299 734 1381 tradiderant,
759 1305 908 1385 quotquot
932 1293 1016 1358 circa
1024 1282 1148 1375 fariam
1167 1212 1270 1367 fitero
1287 1290 1391 1380 alyma
1405 1308 1570 1385 nuncupa-

430 1414 499 1468 tum
523 1395 712 1465 incolebant.
762 1385 955 1460 Praesidium
971 1385 1096 1472 Scopae
1112 1385 1148 1452 in
1166 1405 1238 1452 arae
1295 1381 1569 1480 ierosolymorum,

429 1494 481 1564 uti
498 1491 736 1579 Hieronymus
754 1483 880 1570 tradit,
905 1482 1126 1552 adnitentibus
1140 1473 1302 1574 Judaeis,
1335 1489 1570 1578 expugnavit:
1601 1507 1606 1516 ·

431 1588 526 1681 quod
549 1583 715 1679 Jofeplrus
741 1601 755 1640 c
779 1600 918 1673 quoque
940 1571 1137 1658 confirmat.
1193 1574 1279 1647 lnde
1303 1575 1432 1666 Gazam
1455 1602 1572 1673 perre-

421 1689 506 1769 -xit,
532 1703 634 1773 quam
682 1675 733 1748 ost
756 1677 930 1769 egregiam
952 1672 1105 1756 ciuium,
1130 1669 1166 1744 in
1191 1668 1259 1742 fide
1281 1670 1472 1748 Ptolemaei
1489 1700 1572 1754 con·
1618 1752 1624 1766 ,

433 1779 624 1859 stantium,
649 1703 912 1857 defensorem,
931 1765 1226 1858 eujus‘rneminit
1250 1767 1411 1860 Polybius
1427 1776 1466 1862 a,
1493 1797 1572 1870 ⁰³9

432 1891 505 1945 tarn
528 1871 670 1944 tradidit
694 1869 759 1938 l'uis
780 1864 990 1959 spoliandam
1012 1865 1045 1934 &
1067 1860 1328 1940 destruendam.
1377 1867 1462 1967 Quo
1476 1869 1573 1948 fatto

433 1983 545 2042 totam
574 1960 873 2054 coelesyriae&
903 1959 1127 2042 Palaestinam
1153 1983 1227 2034 non
1249 1977 1411 2051 tantum,
1448 1983 1489 2041 ut
1518 1969 1574 2054 l.i·

420 2067 510 2138 eius
533 2083 546 2122 t
572 2059 879 2158 quoquesadlerit,
906 2058 940 2130 &
966 2057 1129 2147 Polybius
1149 2055 1189 2144 f,
1224 2055 1283 2130 sed
1308 2061 1342 2130 ἂ
1360 2065 1576 2156 aliasarbes,

432 2185 511 2262 qaae
529 2167 663 2257 priato
690 2154 866 2228 Ptolemaei
887 2156 1034 2246 partibus
1060 2158 1271 2242 terrebantur,
1295 2155 1385 2230 teste
1402 2158 1573 2255 Hierony-

432 2283 515 2348 mo,
545 2259 679 2352 Syriae,
706 2249 898 2330 Ciliciae&
916 2247 1061 2346 Lyciae,
1087 2272 1231 2350 quarum
1246 2251 1374 2344 aliq'uas
1391 2256 1438 2328 ibi
1452 2281 1572 2334 receu-

435 2362 508 2441 let,
546 2356 691 2428 &inter
711 2373 772 2422 eos
794 2344 980 2440 Ephesum,
1019 2347 1118 2438 cujus
1139 2365 1279 2440 quoque
1300 2355 1438 2426 mentio
1456 2352 1509 2442 fit
1537 2358 1572 2431 iu

436 2455 638 2546 fragmento
661 2446 751 2541 apud
773 2445 963 2527 Suidarne,
990 2443 1189 2536 occupavit.
1240 2443 1319 2542 Qua
1336 2470 1419 2524 cunr
1435 2445 1575 2526 historia

436 2546 673 2631 conferenda,
694 2563 776 2632 quae
796 2561 840 2612 ex
863 2561 904 2610 ea
921 2537 1038 2611 faciles
1056 2540 1244 2614 admittunt
1260 2545 1471 2638 explicatus,
1497 2572 1573 2621 ver-

435 2647 480 2717 ba
503 2644 719 2735 Prophetae,
744 2657 832 2728 quae
856 2635 1046 2727 sequuntur
1060 2634 1150 2708 vers.
1171 2658 1226 2726 15,
1247 2643 1300 2712 16.
1326 2635 1376 2712 Et
1394 2651 1502 2717 veniet
1518 2669 1575 2719 rea

436 2742 634 2831 Aquilonis,
661 2735 703 2816 ὃ
716 2730 824 2819 straet
846 2754 1013 2825 aggerem,
1043 2731 1085 2812 ἐξ
1100 2739 1201 2826 capiet
1216 2739 1323 2807 urbem
1341 2746 1576 2832 munitionum,

436 2833 480 2914 f?
502 2835 631 2903 brachia
652 2826 771 2915 Aallri
793 2849 855 2898 aaa
885 2821 1069 2915 cerastem,
1095 2851 1150 2900 nea
1168 2835 1306 2924 populas
1322 2837 1359 2905 ab
1376 2835 1575 2929 eoselefias,

419 2933 576 3022 -rribilqaa
601 2932 662 2998 erit
688 2927 812 2996 atrium
835 2923 877 2992 ad
889 2918 1056 3012 flandum.
1108 2923 1157 2995 Et
1173 2923 1282 3014 faciet
1309 2937 1363 3025 qai
1383 2939 1509 3006 uenerit
1533 2921 1575 3008 ad

427 3049 506 3213 ,ilum
518 3023 694 3118 pecandum
712 3021 869 3114 placitura
894 3020 981 3114 ejas,
1013 3042 1070 3091 nac
1093 3027 1259 3118 qaisquam
1274 3048 1379 3100 coram
1394 3027 1458 3125 ipsa
1479 3030 1573 3125 canst-

465 3135 505 3193 et.
1393 3145 1397 3166 ²

484 3223 516 3302 §.
531 3214 606 3290 tlt.
656 3214 757 3314 Quae
775 3229 869 3288 tanta
883 3215 983 3303 luce,
1007 3220 1107 3307 quarn
1126 3212 1280 3310 superior
1297 3219 1438 3297 historia
1453 3247 1573 3300 accen·

435 3315 505 3400 dit,
533 3314 693 3408 fulgent,
718 3313 761 3386 ab
790 3315 1041 3405 interpretibus
1069 3311 1160 3384 reete
1181 3313 1217 3385 in
1240 3337 1371 3408 genere
1387 3323 1571 3416 explicita,

438 3432 476 3486 ut
502 3433 574 3484 uno
598 3413 757 3482 alterove
780 3408 967 3482 obl'eruato
994 3407 1135 3504 defungi
1161 3427 1298 3504 potero.
1322 3427 1324 3432 '
1367 3437 1397 3490 r.
1414 3415 1572 3494 Verbum

435 3537 495 3585 ean
520 3507 561 3593 &³
584 3513 713 3595 ueniat,
738 3506 773 3579 in
798 3506 968 3602 principio
993 3503 1079 3578 vers.
1105 3527 1179 3595 ry,
1206 3529 1277 3599 quo
1302 3531 1383 3586 curn
1399 3511 1572 3611 superiore

583 3641 585 3644 ·
733 3641 734 3644 ¹
1448 3629 1574 3688 oratio·

438 3722 451 3829 ,ι
477 3775 494 3815 a
515 3759 646 3838 ererpt.
662 3756 766 3814 Velefi
780 3773 808 3830 p.
828 3757 874 3828 7'7.
951 3729 1058 3827 a'rpud
1074 3753 1130 3830 Jof.
1149 3755 1215 3812 Aet.
1233 3753 1250 3812 l.
1266 3770 1333 3814 xrr.
1352 3775 1375 3816 c.
1392 3773 1419 3828 3.
1479 3754 1575 3817 albid.

473 3835 491 3889 d
518 3836 649 3907 lixeerpt.
671 3835 774 3893 valeat
799 3851 826 3909 p.
849 3840 895 3896 86.
998 3832 1053 3890 el.
1078 3847 1202 3890 rxxrtrr
1219 3849 1242 3888 c.
1267 3847 1310 3901 ro.
1402 3832 1576 3912 fExeerye'.

428 3911 526 3982 lagae.
545 3925 735 3986 praeperat.
757 3929 803 3971 rr.
824 3929 852 3985 p.
869 3905 957 3982 1238.
1058 3929 1080 3988 g
1103 3908 1253 3972 advocent
1274 3917 1382 3988 laragia.
