3456 4784
438 451 510 526 m
608 399 1430 496 COMMENTARIUS

328 645 333 662 ·
370 680 375 690 ,
442 626 575 697 nymo,
602 597 697 692 quod
713 597 756 670 de
772 591 954 667 Antiocho
970 590 1122 679 Sotere,.
1142 589 1281 662 Seleuci
1297 586 1388 675 filio,
1415 589 1448 660 id
1466 587 1589 678 tradat.

445 703 536 801 Quae
556 696 736 771 conciliari
752 707 956 786 nequeunt,
981 688 1042 761 nist
1059 690 1189 761 bellum
1207 687 1250 760 ab
1266 689 1449 761 Antiocho
1465 690 1588 760 Sotere
1663 696 1666 706 ’

1667 683 1668 688 ¹
1717 571 1720 680 l

442 801 656 888 inceptum,
696 791 775 862 dein
805 785 924 860 afilio
954 786 1027 876 ejus
1058 785 1240 859 Antiocho
1273 785 1355 858 Deo
1394 785 1591 857 resumtum
1718 771 1720 862 l

443 895 545 968 fuisse
575 893 711 963 statuas.
775 885 882 981 Quod
907 885 992 956 nihil
1015 883 1153 956 absurdi
1176 883 1293 955 habet.
1356 883 1645 976 Admittamus„
1719 899 1720 968 3

444 996 585 1084 itaque,
609 993 724 1059 bellurn
740 980 959 1076 pacemne,
986 981 1129 1070 ejusque
1146 977 1289 1051 finiendi
1313 1001 1397 1074 ergo
1420 979 1592 1052 societatis

444 1090 571 1162 foedus
595 1083 694 1158 fuisse
710 1081 804 1154 inter
818 1101 916 1174 reges
934 1077 1099 1150 Austri&
1115 1077 1299 1167 Aquilonis
1316 1075 1435 1152 ictum.
1465 1075 1593 1187 ‘Quod
1719 1109 1720 1132 t

444 1188 529 1258 licet
545 1183 588 1257 ad
604 1181 758 1276 phrasm,
778 1175 932 1266 straietare
941 1177 1041 1270 jungi
1051 1225 1063 1262 ,
1079 1197 1153 1246 non
1170 1173 1359 1246 necessario
1375 1193 1593 1266 requiratur,

444 1285 478 1354 ci
503 1301 621 1356 tamen
644 1275 916 1350 convenientius
933 1272 1105 1360 videtur3¹
1121 1291 1201 1344 cnm
1219 1277 1303 1343 run'o
1319 1270 1495 1344 societatis
1510 1293 1592 1344 con·

444 1379 587 1465 natta,
613 1399 632 1448 a
654 1377 748 1450 bello
765 1368 951 1465 praegresso
966 1371 1095 1462 petita,
1122 1368 1160 1440 fit
1175 1370 1321 1455 clarior;
1346 1371 1495 1442 maxime
1513 1391 1592 1443 cum

444 1478 538 1551 inter
560 1474 740 1566 utriusque
764 1469 863 1564 regni
887 1468 1112 1552 conditores,
1141 1465 1368 1539 Ptolemaeum
1385 1467 1468 1559 Lagi
1487 1467 1520 1538 dt
1536 1468 1593 1540 Se·
1720 1545 1721 1550 η

304 1627 310 1636 «
446 1578 590 1648 leucum
605 1570 797 1650 Nicatora,
816 1563 1009 1658 artiilfimae
1026 1562 1186 1636 amicitia
1201 1561 1328 1636 foedus
1341 1563 1489 1653 jamdiu
1513 1584 1593 1637 ante

444 1670 563 1745 fuisset
580 1665 735 1762 pastum,
770 1661 859 1734 teste
875 1657 1044 1732 ‚Pausania
1066 1683 1100 1731 a:
1128 1661 1227 1752 cujus
1242 1661 1276 1731 dt
1291 1661 1452 1734 meminit
1466 1662 1595 1755 Appia·

444 1863 627 1938 Ptolemaei
649 1859 757 1954 Lagi,
790 1869 956 1947 tanquam
978 1859 1059 1947 <plna
1078 1859 1186 1926 settle
1201 1859 1299 1926 amici
1308 1850 1444 1944 filium,
1469 1853 1530 1928 sub
1547 1856 1597 1928 vi.

316 1761 320 1768 '
378 1772 383 1784 '
444 1791 510 1841 nus
531 1771 567 1852 b,
594 1765 780 1838 Seleucum
800 1755 970 1850 recepisse
996 1756 1224 1830 Ptolemaeum
1240 1757 1459 1845 Ceraunum,
1486 1757 1596 1833 filium
1720 1739 1721 1788 3

446 1979 492 2034 tae
515 1956 646 2042 finem,
678 1973 833 2026 narrans.
884 1949 1001 2048 Quod·
1019 1949 1081 2022 nifi
1101 1966 1245 2042 ruptum
1260 1949 1397 2039 fuisset,
1424 1975 1520 2025 nova
1536 1953 1597 2026 mi·
1719 2005 1721 2010 .

445 2079 511 2133 nus
533 2077 626 2147 opus
648 2049 767 2124 fuisset
789 2046 978 2142 pastione,
1022 2047 1121 2138 cujus
1143 2049 1200 2120 hic
1221 2049 1382 2122 meminit
1405 2049 1593 2142 Propheta.

446 2153 537 2254 Quae
558 2152 583 2227 fi
608 2150 702 2224 recle
727 2149 902 2240 disputata
924 2143 1008 2232 fint,
1041 2142 1157 2217 sensus
1175 2167 1305 2219 vocum
1321 2195 1332 2234 ,
1348 2143 1413 2240 sub
1423 2143 1596 2237 firrrman·
1720 2153 1721 2164 ’

446 2275 586 2339 norum,
611 2251 693 2324 alias
708 2265 839 2342 vagus,
866 2265 948 2316 cum
966 2243 1138 2316 terminus
1158 2264 1285 2337 aquo,
1312 2258 1353 2314 ut
1366 2243 1518 2328 dicitur,
1540 2242 1597 2342 figi
1720 2281 1721 2290 κ

429 2365 619 2442 nequeat,
645 2341 782 2418 definiri
805 2341 956 2418 eradius
980 2339 1123 2432 poterit.
1173 2339 1272 2413 lnter
1293 2339 1480 2416 Seleucum
1503 2343 1596 2418 enim
1720 2359 1721 2414 ;

444 2447 732 2521 &Ptolemaeum
747 2441 831 2537 Lagi
851 2461 933 2512 cum
948 2435 1075 2512 foedus
1092 2437 1251 2510 amicitiae
1267 2457 1340 2510 non
1357 2439 1596 2533 interruptum
1720 2429 1722 2518 s

443 2543 729 2629 continuaverit,
755 2560 822 2612 nec
844 2536 906 2610 nifi
921 2535 982 2607 suh
999 2533 1183 2608 Antiocho
1197 2535 1351 2622 Sotere,
1375 2553 1415 2610 ut
1432 2537 1543 2612 modo
1556 2559 1609 2612 er·
1720 2567 1722 2622 ;

318 2723 324 2730 ,
444 2638 610 2716 Pausania
633 2637 850 2722 observavi,
891 2631 1039 2706 fratlum
1064 2633 1127 2720 fit,
1167 2633 1210 2704 ab
1233 2654 1279 2704 eo
1301 2649 1493 2726 tempore,
1526 2657 1594 2727 quo
1721 2673 1722 2724 t

447 2739 580 2810 bellum
602 2755 685 2806 cum
710 2727 936 2822 Philadelpho
959 2729 1111 2820 incepit,
1137 2729 1218 2802 anni
1241 2747 1345 2803 erunt
1362 2730 1593 2825 supputandi,
1720 2731 1722 2772 l

444 2833 507 2906 sub
541 2852 691 2922 quorum
714 2825 816 2920 finem
847 2825 1020 2898 societatis
1048 2825 1161 2898 foedus
1193 2843 1403 2902 renovatum
1427 2827 1475 2900 est
1498 2831 1619 2926 inter·
1720 2873 1722 2896 ι

444 2928 668 3003 Antiochum
693 2925 810 2996 Deum
833 2922 1155 3016 &Philadelphum
1209 2923 1317 3022 Quod
1332 2948 1505 3002 annorum
1521 2923 1592 3017 spa·

360 3056 364 3065 ·
444 3027 534 3100 tium
557 3022 620 3097 etfi
643 3021 867 3095 determinari
889 3037 1059 3110 nequeat,
1092 3021 1169 3096 latis
1189 3022 1333 3116 longum
1360 3041 1478 3098 tamen
1494 3021 1593 3096 inille
1721 3053 1722 3066 ¹

444 3119 603 3210 constat,
630 3140 670 3195 ut
692 3117 820 3212 phrasi,
837 3115 902 3212 suh
918 3113 1022 3208 finem
1047 3141 1223 3206 annorum,
1259 3117 1410 3195 satisfiat.
1460 3120 1595 3219 Regna·

447 3223 499 3296 vit
521 3221 616 3294 enim
638 3216 837 3290 Antiochus
860 3215 958 3288 Deus
972 3237 1083 3289 annos
1097 3218 1297 3310 pranderint,
1315 3225 1396 3290 ante
1411 3220 1509 3308 cujus
1527 3220 1599 3312 pri·-

445 3318 581 3396 mordia
612 3316 742 3390 bellum
771 3313 833 3386 sub
863 3314 961 3386 Patre
993 3315 1068 3404 ejus
1092 3315 1273 3387 Antiocho
1298 3317 1423 3388 Sotere
1455 3319 1592 3409 incepe·

443 3435 518 3504 rat,
546 3437 618 3488 non
641 3411 710 3488 nifi·
726 3412 819 3484 circa
836 3408 944 3485 finem
961 3412 1042 3484 vitae
1060 3411 1132 3501 cJ'us
1148 3413 1386 3485 terminatum.
1439 3413 1520 3487 Vox
1537 3433 1594 3485 ve·

443 3538 488 3588 ro
507 3534 686 3601 annorum,
713 3509 751 3584 in
776 3509 853 3582 hoc.
864 3509 1030 3582 vaticinio
1045 3531 1064 3578 a
1081 3509 1188 3580 diebus
1205 3510 1314 3600 probe
1331 3509 1593 3606 distinguenda,

442 3617 566 3706 aliquot
592 3629 766 3682 annorum
790 3606 938 3699 spatium
959 3605 1142 3692 continet,
1177 3627 1257 3681 cum
1279 3609 1345 3678 dies
1361 3632 1428 3704 pro
1442 3605 1594 3703 pauciffi.

442 3709 509 3786 mis
532 3721 670 3780 tantum
686 3708 785 3778 annis
803 3706 1003 3790 sumantur,
1030 3692 1120 3778 vers.
1144 3725 1200 3794 3.3.

443 3868 445 3876 .
492 3801 623 3894 §.Vll
649 3802 817 3876 Ceterum
841 3823 915 3876 non
939 3801 1243 3894 qualemcunque,
1286 3798 1345 3876 sed
1364 3803 1596 3892 ardtilhmam,

355 4041 359 4049 ’
480 4042 499 4084 a
519 4017 585 4080 ibid.
718 4023 738 4099 lrss
759 4017 822 4096 Syr.
842 4038 871 4096 p.
894 4027 962 4084 208.

1563 3903 1608 3978 dc.
