3494 4802
372 327 506 499 'rit
590 383 1425 480 ntssenrnutonus

435 595 618 674 neminem
640 589 835 686 proprie&
850 608 932 664 cum
952 587 1066 681 aliqua
1086 581 1261 680 emphasi,
1285 581 1350 658 nifi
1363 577 1595 666 Antiochum

437 691 682 787 Epiphanem3
697 689 755 762 cui
774 702 892 762 tamen
907 685 1006 760 locus
1025 684 1118 758 inter
1136 683 1239 756 decem
1255 701 1390 756 cornua
1402 703 1476 758 non
1494 703 1595 762 com·

434 789 552 888 petit,
576 807 659 861 cunr
673 799 944 881 paruumcornu
958 777 1078 856 haberi
1093 779 1212 854 soleat.
1247 777 1459 856 Ptolemaeus
1475 777 1594 866 Philo·

465 900 543 960 ator
582 883 701 959 uidem
717 879 847 976 aliquid
863 879 1009 956 molitus
1026 875 1126 952 estin
1140 874 1301 970 Judaeos,
1327 877 1422 974 quod
1436 875 1509 952 huc
1522 892 1593 954 tra·
1616 883 1620 892 '

437 909 542 1076 {ipo
570 995 629 1070 et,
655 977 814 1053 sedtum
835 977 937 1052 solius
960 982 1052 1050 tertii
1075 977 1360 1050 Maccabaeorum
1382 975 1489 1065 libri,
1513 995 1593 1052 non

424 1080 563 1171 ¹utique
584 1077 700 1174 magni
732 1073 896 1172 pretii&
923 1071 1038 1148 dubiae
1062 1067 1301 1162 auctoritatis,
1333 1067 1404 1146 fide
1429 1072 1592 1165 nitatur3

439 1175 518 1270 quis
538 1172 655 1268 quaeso
668 1170 741 1261 ost,
768 1173 826 1266 qui
845 1170 947 1245 verbi
969 1169 1170 1266 prophetici
1193 1167 1527 1263 interpretationem
1551 1170 1593 1248 in

397 1271 400 1275 ’
439 1293 488 1347 eo
502 1269 734 1346 fundaverit?
759 1269 875 1367 Reges
896 1267 1041 1364 AEgypti
1056 1267 1232 1360 &Syriae,
1256 1265 1318 1342 etsi
1342 1269 1473 1344 mutuis
1490 1267 1593 1344 bellis

437 1369 592 1447 multum
612 1365 783 1442 molestiae
806 1365 961 1442 crearint
980 1364 1109 1460 Jodaeis
1128 1367 1164 1438 in
1180 1362 1379 1456 Palaestina,
1403 1369 1593 1442 eos'etiam

373 1537 378 1542 .
438 1467 612 1544 servitute
628 1465 664 1538 dt
677 1461 1050 1557 tributispresserint:
1076 1476 1232 1538 attamen
1255 1481 1324 1534 nec
1338 1484 1464 1537 omnes
1480 1462 1515 1536 id
1536 1461 1590 1538 se·

442 1577 591 1653 cerunt,
615 1580 685 1635 nec
705 1581 752 1634 eo
765 1557 903 1657 gradu,¹
921 1573 961 1633 ut
975 1580 1095 1632 consuo
1110 1573 1181 1634 tam
1196 1557 1360 1634 terribilis
1376 1557 1495 1644 bestie
1508 1582 1593 1655 pro-

429 1669 565 1757 pterea
578 1657 700 1732 audire
714 1671 930 1732 mereantur.
978 1653 1142 1749 Posterior
1157 1655 1266 1746 ratio,
1294 1678 1397 1751 quam
1412 1659 1455 1733 ab
1469 1657 1589 1752 Abelo

440 1758 616 1854 prolatam
630 1752 726 1841 vidi,
751 1776 826 1830 non
842 1753 943 1828 soret
957 1752 1171 1848 spernenda,
1196 1751 1291 1829 fitot
1306 1763 1466 1845 tantum,
1492 1753 1591 1830 &illi

425 1859 482 1931 ·in
505 1853 621 1947 spe'cie
644 1871 915 1948 tegescap.x1.
941 1851 978 1925 in
998 1849 1138 1925 scenam
1167 1849 1326 1944 produdii
1348 1849 1470 1927 essent.
1519 1851 1600 1928 sed.

432 1991 436 2002 ·
470 1967 573 2024 raeter
587 1969 715 2060 reges,
738 1951 784 2023 ab
799 1947 920 2022 Abelo
933 1964 1169 2036 memoratos,
1184 1945 1256 2021 sese
1268 1949 1317 2024 ibi
1329 1945 1508 2036 offerunt,
1531 1949 1592 2024 Se-

441 1975 565 2123 feneus
584 2047 809 2140 Philopator,
834 2043 1050 2118 Heliodorus
1071 2039 1277 2138 usurpator,
1302 2044 1451 2120 Ptolem.
1474 2045 1592 2122 Philo.

430 2161 581 2231 metor,
609 2141 758 2217 Ptolem.
783 2139 977 2240 Euergetes
1006 2163 1045 2217 ιι.
1070 2141 1325 2219 &Antiochus
1348 2141 1517 2238 Eupator,
1547 2158 1591 2220 ut

443 2241 509 2318 suo
534 2256 698 2333 ternpore
723 2239 934 2315 videbimus.

430 2373 433 2380 ¹
490 2343 523 2432 §.
550 2337 661 2412 XXX.
711 2361 739 2413 t.
764 2335 892 2412 Obstat
917 2333 1168 2430 deniquehuic
1186 2334 1370 2432 hypothes
1388 2337 1431 2414 de
1447 2340 1591 2439 regibus

441 2436 551 2532 Syriae
574 2438 610 2510 dr
630 2435 778 2534 AEgypti
793 2435 1062 2524 ¹vehementer,
1088 2433 1182 2528 quod
1205 2457 1340 2510 cornua
1362 2458 1435 2514 non
1448 2435 1593 2552 sutceffi-

431 2547 529 2624 ²uns,
554 2531 615 2606 sled
628 2537 764 2628 equales
785 2553 885 2627 reges
908 2533 1119 2620 exhibeant,
1145 2547 1220 2605 tuln
1234 2532 1330 2624 quod
1340 2529 1442 2624 fimus
1458 2533 1594 2613 fuerint

338 2629 339 2634 ‘
420 2632 485 2724 ¹in
507 2629 623 2722 capite
652 2625 771 2700 bestie
793 2625 865 2700 visa
890 2647 910 2698 a
933 2626 1104 2715 Daniele,
1137 2649 1212 2703 non
1233 2649 1342 2703 unum
1363 2627 1443 2724 post
1470 2633 1591 2724 aliud,

443 2740 522 2802 turn
544 2721 640 2818 quod
662 2745 812 2817 parvum
832 2743 945 2797 cornu
969 2721 1096 2799 diserte
1111 2726 1191 2798 aliis.
1206 2726 1308 2798 decem
1326 2725 1462 2804 dicatur
1477 2728 1589 2825 poste·

408 2841 410 2850 ·
442 2823 517 2898 rius
537 2823 572 2897 ἀ
594 2820 691 2894 inter
712 2841 755 2893 ea
776 2819 984 2910 subnotem,
1010 2843 1087 2915 qute
1104 2823 1220 2917 itaque
1235 2825 1340 2898 unius
1353 2824 1486 2902 fuerint
1501 2843 1590 2903 tem.

439 2915 702 3092 foris'necesse
723 2911 805 3007 est,
841 2933 918 2992 tum
941 2919 1037 3012 quod
1058 2941 1207 3013 parvum
1228 2941 1341 2997 cornu
1353 2921 1453 3019 sociis
1472 2925 1595 3019 adpel·.

434 3035 538 3092 etur
566 3011 762 3105 excelsus,
797 3011 844 3089 vs.
872 3035 929 3089 so.
964 3019 1083 3110 itaque
1110 3015 1144 3090 dt
1168 3033 1256 3108 tunc
1277 3020 1391 3095 adhuc
1413 3020 1589 3098 existenti·
1688 3052 1693 3062 ¹

436 3117 537 3204 hus,
563 3127 640 3192 tum
664 3110 864 3208 postremo,
891 3114 987 3206 quod
1002 3118 1069 3186 tria
1082 3113 1244 3218 legantur
1265 3117 1437 3194 eradicate
1458 3121 1502 3196 ab
1522 3141 1591 3214 eo,

445 3227 525 3308 quae
548 3210 647 3306 simul
674 3208 830 3287 suerunt.
890 3211 921 3286 d.
954 3207 1043 3311 Quae
1064 3215 1184 3288 omnia
1214 3237 1260 3288 ex
1290 3216 1392 3290 decem
1409 3217 1528 3315 digitis
1553 3220 1592 3295 in

433 3312 596 3406 'pedibus
617 3305 737 3386 coloss
757 3305 1031 3398 confirmantur,
1059 3327 1099 3385 ut
1120 3313 1246 3406 cuique
1270 3311 1373 3388 facile
1387 3330 1499 3409 patet.
1548 3315 1591 3390 ll·

436 3409 470 3485 'll
486 3412 582 3486 enim
603 3407 900 3509 quemadmodum
925 3429 998 3482 uno
1017 3409 1216 3502 eodemque
1237 3425 1401 3508 tempore
1417 3409 1593 3506 existuntt

435 3508 604 3603 adeoque
625 3507 774 3600 equales
797 3528 897 3606 reges
920 3505 978 3578 vel
1002 3525 1110 3604 tegna
1131 3503 1306 3605 figurant:
1339 3509 1386 3584 lic
1410 3531 1491 3588 cum
1515 3525 1592 3588 tan·

435 3629 552 3700 ouem
579 3603 680 3697 dioiss
702 3605 801 3702 regni
822 3619 939 3698 partes
964 3620 1191 3692 occurrunt,
1225 3607 1321 3699 quod
1341 3610 1378 3684 in
1403 3629 1504 3707 reges
1528 3605 1591 3684 fibi

443 3702 483 3776 in
502 3701 632 3778 eodem
658 3721 769 3799 regno
791 3699 1019 3778 succedentes
1046 3717 1119 3777 nun
1143 3705 1334 3793 convenit,
1367 3720 1444 3784 tom
1469 3707 1589 3784 locunt

440 3797 587 3874 &nrum
604 3801 806 3890 reperiunt,
833 3797 1063 3893 posteaquam
1078 3820 1226 3897 regnum
1243 3808 1372 3876 unitum
1388 3805 1590 3898 aliquandiu

440 3893 606 3972 lietilset:
631 3893 709 3991 post
728 3919 826 3972 crura
849 3897 946 3974 enim
960 3895 1083 3972 -serrea
1104 3899 1199 3996 pedes
1223 3897 1367 3978 demum
1390 3922 1433 3976 ex
1455 3902 1589 3978 luto&

1494 3999 1597 4078 sorte
