3444 4778
413 294 1409 474 ⁴51⁶commuurn³nrus

421 555 509 636 bat,
535 547 766 643 potiturum,
786 555 913 610 verum
936 519 1065 605 eodem
1086 526 1163 601 fere
1187 529 1352 622 tempore
1374 531 1584 630 cumignQ

423 649 530 724 minia
554 643 622 716 esse
644 633 916 730 expellendum,
950 631 985 703 &
1010 626 1281 700 deturbandum.
1338 623 1448 722 Quod
1469 631 1570 710 versu

423 743 493 838 seq.
518 762 600 814 mox
624 733 843 829 subjungitur
861 749 910 808 ¹err
928 723 1051 800 »nostra
1070 724 1273 816 opinione,
1306 721 1339 794 δι
1361 745 1404 796 ex
1428 725 1571 805 historio

424 837 646 917 manifestum
669 831 731 917 est.
788 827 912 901 Statim
935 824 1107 909 emmae,
1133 822 1227 915 regia
1251 818 1435 910 Majestare
1461 829 1497 898 in
1512 833 1571 900 Se·

339 929 341 933 ’
423 939 533 1011 leuco
555 931 782 1010 conculcata,
808 942 955 1018 regnum
978 919 1052 1008 ejus
1066 915 1241 989 invaserat
1258 916 1502 1011 Heliodorus,
1527 927 1571 1000 ab

424 1035 610 1119 Eumene,
636 1027 669 1100 δι
696 1023 845 1106 Attalo,
873 1032 913 1089 ut
933 1015 1045 1108 refert
1061 1017 1241 1107 Appianus
1256 1033 1295 1098 a,
1320 1018 1512 1108 erpulfus,
1537 1021 1571 1097 ot

425 1129 624 1206 Antiochus
652 1121 850 1214 Epiphanes
874 1115 911 1187 in
936 1115 1068 1186 throno
1090 1111 1281 1190 collocatus
1304 1109 1367 1182 est.
1418 1114 1497 1188 Hac
1512 1119 1572 1193 ita.

425 1249 494 1322 que
519 1228 655 1298 ratione
675 1213 867 1306 cohaerehit
882 1210 1015 1284 sermo:
1043 1206 1086 1291 ἐξ
1099 1214 1175 1280 unis
1189 1209 1298 1280 diebus
1312 1227 1393 1282 cum
1408 1231 1469 1283 rex
1486 1236 1573 1291 con·

424 1325 621 1422 fringetur,
654 1333 729 1391 tum
745 1309 846 1406 ipse,
880 1309 916 1380 in
940 1327 1086 1403 reguum
1110 1301 1254 1378 evestus
1278 1321 1422 1396 raptor,
1439 1307 1572 1404 sperne.

426 1421 503 1507 tu'r,
528 1421 624 1513 regia
641 1410 821 1505 Maje‘state
836 1405 898 1498 ipii
912 1404 1093 1512 denegare.
1126 1400 1211 1498 Quo
1228 1398 1325 1472 sensu
1341 1426 1405 1474 uno
1421 1405 1472 1478 die
1486 1432 1571 1504 quo·

428 1539 500 1611 que
517 1517 598 1589 alibi
623 1527 639 1582 h
661 1509 771 1584 venit.
823 1505 863 1577 ln
884 1523 956 1595 quo
981 1500 1067 1574 nihil
1083 1495 1156 1584 est,
1183 1497 1277 1590 quod
1293 1497 1366 1591 quis
1382 1507 1573 1594 reprehen.

426 1617 512 1696 dat,
538 1611 647 1686 modo
670 1608 714 1681 de
738 1601 935 1680 Heliodoro
953 1591 1211 1694 expulsooversu
1224 1591 1293 1689 seq.
1311 1615 1450 1693 agatur:
1477 1605 1573 1697 quod

427 1732 523 1786 nunc
543 1707 721 1799 inquirere
737 1699 895 1774 instituo.

435 1845 440 1852 -
477 1812 509 1895 §.
525 1799 701 1878 LXXXV.
737 1797 890 1870 Seleuco
919 1815 940 1866 e
970 1791 1060 1866 vivis
1090 1789 1246 1876 subiato,
1287 1793 1409 1868 invafit
1427 1798 1571 1892 quidem

427 1921 577 1998 regnum
593 1897 707 1986 syriae
724 1892 957 1977 Heliodorum
983 1887 1039 1960 sed
1054 1913 1074 1961 a
1089 1889 1331 1984 Pergamenis,
1358 1891 1514 1968 Eumene
1535 1898 1573 1974 δι

429 1998 576 2086 Aetam,
603 1994 662 2086 qui
683 1988 930 2071 Antiochum,
956 1985 1092 2058 Seleuci
1116 1983 1282 2076 fratrem,
1308 1992 1427 2081 jamin
1442 1993 1572 2070 itinere

428 2097 563 2189 Syriam
588 2088 734 2177 versus,
768 2085 830 2160 srhi
852 2083 1055 2168 devincire,
1082 2083 1116 2156 δι
1139 2103 1251 2179 regno
1272 2087 1406 2177 Syriae,
1439 2113 1572 2184 apere·

428 2195 533 2292 grinis
548 2205 672 2264 contra
687 2185 809 2281 populi
824 2200 909 2256 vota
925 2194 1124 2272 occupato,
1141 2179 1344 2256 succurrere
1361 2185 1574 2283 voluerunt,

430 2311 555 2388 magna
577 2311 658 2360 curn
680 2282 871 2381 ignominia
884 2299 968 2352 mox
983 2279 1144 2372 expulius
1162 2274 1224 2350 est.
1276 2277 1430 2378 Quando
1448 2289 1575 2363 Antio·

429 2391 515 2463 chus
547 2385 668 2478 pronis
687 2380 810 2454 animis
833 2399 853 2449 a
875 2375 1009 2467 populo
1032 2391 1194 2466 receptus
1216 2373 1293 2463 est,
1331 2377 1575 2478 successorque

430 2488 647 2566 declaratus,
686 2476 785 2570 simul
811 2471 963 2564 ἐπιφανιῖς
990 2468 1177 2570 Epiphener
1202 2471 1359 2563 illustris,
1397 2480 1458 2553 ieu
1481 2481 1577 2558 Dens

425 2584 584 2684 presens,
612 2579 655 2648 de
673 2597 743 2666 quo
753 2572 862 2656 mox,
878 2567 1166 2678 cognominetur,
1192 2571 1291 2662 quod,
1306 2583 1487 2671 peregrinis
1503 2603 1573 2676 reg.

382 2709 385 2716 ·
430 2695 509 2754 ,mm
534 2675 787 2766 nfirrpanrihur,
829 2687 905 2758 quae
931 2665 1085 2757 Appiam
1111 2690 1127 2730 c
1157 2668 1267 2740 verba
1290 2668 1388 2760 sunt,
1428 2674 1574 2756 enerich

429 2787 547 2858 otnero
567 2763 687 2862 imin,
714 2771 816 2836 avire
838 2765 969 2832 ditionis
991 2757 1131 2854 adsertor
1154 2781 1283 2850 exertus
1296 2765 1371 2861 suis
1385 2773 1572 2849 adluxrritz

432 2876 491 2962 qui
531 2885 678 2958 regnum
711 2860 777 2932 suis
811 2859 942 2931 artibus
978 2858 1304 2952 quoquereddidit
1334 2861 1568 2947 firmiffimum.

430 2966 550 3064 Quem
571 2961 707 3045 caium,
732 2977 776 3027 ex
799 2954 964 3046 Appiano
987 2951 1291 3047 dtestanffimum
1318 2961 1370 3034 his
1388 2965 1571 3039 verbisre·

380 3087 382 3092 ·
429 3061 616 3154 prreienmt
637 3053 822 3147 Prophetia
838 3073 882 3126 ex
897 3071 975 3124 mea
989 3051 1182 3142 opinione,
1209 3055 1296 3130 vers.
1310 3081 1381 3136 er.
1409 3062 1457 3134 Er
1466 3061 1572 3156 sia-hie

428 3172 542 3233 centra
556 3149 711 3246 sirionem
733 3152 800 3247 ejus
824 3151 1027 3246 ignominiose
1054 3149 1231 3237 trauains,
1256 3177 1313 3226 nec
1332 3158 1454 3233 dabunt
1477 3168 1506 3234 ei
1523 3163 1571 3236 de-

430 3277 485 3330 cus
506 3259 622 3349 reghi3
648 3247 691 3333 δ’
717 3253 824 3321 veniet
845 3254 881 3319 in
902 3250 1120 3341 opimitatem,
1152 3271 1343 3346 regnumque
1357 3253 1572 3348 firmarum·

429 3353 634 3427 hricimrihus
671 3349 887 3442 globerrirrrr's.
948 3342 1112 3440 Quorum
1149 3345 1220 3418 haec
1245 3345 1322 3421 esto
1352 3356 1570 3446 paraphrafir.

369 3479 376 3496 ··
399 3539 410 3546 Ι,
428 3450 527 3526 Idem
555 3449 614 3519 iile
637 3445 761 3518 exaiior
788 3445 915 3518 iterum
939 3457 1063 3514 contra
1087 3440 1190 3516 alium
1209 3446 1364 3535 ejusdem
1385 3454 1474 3548 regis
1489 3455 1584 3546 Sep-1
1709 3535 1710 3542 ἵ

429 3545 618 3623 tentrionis
641 3541 748 3632 filium
770 3533 1089 3623 seieobfirmahit,
1123 3537 1180 3611 i'ed
1204 3541 1309 3639 longe
1333 3547 1400 3619 alio
1416 3571 1568 3626 eventu:

428 3667 501 3719 non
521 3645 617 3716 enim
638 3644 778 3713 transire
794 3660 881 3714 nunc
891 3633 1025 3729 faciens
1039 3636 1132 3709 decus
1150 3643 1262 3732 regni,
1287 3641 1345 3715 ied
1361 3644 1433 3737 ipse
1449 3667 1572 3720 contu·

427 3778 437 3792 “
842 3781 845 3786 ’
1450 3745 1573 3820 melio·

501 3885 566 4022 ¹Syg⁸
588 3899 615 3961 p.
640 3822 720 3959 187:v
826 3878 919 3958 hJes.
942 3893 1053 3945 xevu:
1076 3892 1103 3947 9.
1183 3879 1323 3970 VcSyr.
1344 3899 1373 3960 p.
1397 3888 1465 3974 r87.

465 3903 485 3944 a

462 3960 483 4020 1
