3440 4774
414 362 483 454 ass
602 307 1407 446 communicatus

419 535 522 630 quid,
548 538 642 630 quod
667 536 711 610 de
734 557 833 610 novo
847 533 930 631 reg'e
952 526 1300 607 sermoneminsiitui
1314 529 1501 620 indicarem
1527 527 1571 604 ii-

418 657 485 724 ve,
513 633 556 717 ἐξ
575 641 697 708 orietur
717 632 824 728 postea
845 656 925 720 rex,
950 629 1021 703 five
1037 628 1130 702 aliud
1146 625 1254 703 suuile
1271 628 1377 720 qtsid3
1403 648 1442 701 ut
1459 629 1572 718 solet,

417 734 479 805 ubi
495 733 551 804 vei
567 733 610 804 de
618 729 813 829 sucrefforr,
828 731 863 804 in
879 750 992 826 tegno
1008 725 1127 801 Austri
1142 742 1204 800 aut
1218 725 1478 820 septentrionis
1491 749 1571 824 age·

419 851 459 901 re
482 829 616 923 incipit.
668 829 776 930 Quod
797 827 890 900 retie
910 825 1063 900 advertit
1085 823 1118 896 δι
1142 823 1226 901 ursit
1242 821 1422 899 munaus.
1473 850 1500 901 r.
1528 828 1568 902 ln

418 932 554 1001 termino
577 926 818 1024 prosperitatis
841 923 1063 1000 moliminum
1086 921 1200 1018 regis,
1233 924 1436 1017 usquedum
1464 926 1570 1018 eupsi-

417 1027 534 1100 cuerit
547 1053 595 1111 ont
612 1027 848 1122 indignationis
865 1037 1012 1118 rempusr
1036 1042 1112 1114 quae
1127 1017 1402 1094 charaiieristica
1419 1019 1469 1094 est
1492 1045 1570 1116 per·

419 1121 609 1198 secutionis
632 1123 860 1217 Epiphanicae
876 1118 1022 1214 phrasim
1048 1135 1087 1192 ut
1102 1137 1187 1194 mox
1201 1119 1350 1210 patebit.
1388 1119 1419 1190 d.
1436 1119 1474 1194 in
1488 1119 1572 1193 Diis

339 1293 343 1300 .
420 1220 563 1315 patrum
591 1224 636 1296 ab
658 1221 728 1294 hoc
749 1243 831 1318 rege
854 1218 990 1313 spretio
1046 1215 1155 1316 Quod
1177 1214 1263 1290 ficut
1283 1219 1321 1290 in
1347 1215 1570 1294 Antiochum

419 1321 577 1414 o‘ptimc,
607 1321 643 1394 in
667 1318 829 1392 Romanos
851 1319 1074 1404 nullatcnus,
1107 1312 1280 1388 minutim
1303 1311 1574 1407 Antichrisiom,

420 1417 586 1510 quadrat:
611 1417 692 1509 quia
713 1415 771 1488 Dii
791 1416 950 1513 gentium
968 1411 1093 1486 atvero
1111 1411 1193 1484 Deo
1209 1408 1355 1484 diiiiniii
1370 1413 1569 1510 intelligun-

420 1513 507 1603 tur,
529 1513 562 1586 ric
583 1514 695 1607 ipsum
712 1513 796 1586 iliud
819 1513 901 1585 huic
919 1510 994 1607 regi
1016 1510 1105 1583 vitio
1128 1509 1299 1597 vertitur,
1332 1509 1429 1602 quod
1444 1516 1575 1606 patrios·

420 1609 509 1684 Deos
532 1607 784 1699 contemserit,
823 1625 987 1703 tanquam
1011 1605 1202 1700 superbi&
1224 1605 1363 1700 profani
1384 1606 1491 1682 animi
1512 1608 1535 1682 ii
1557 1653 1574 1671 ·

418 1730 517 1783 num.
568 1734 596 1784 r.
621 1709 663 1784 In
678 1705 827 1796 defiderio
849 1711 1021 1780 mulierum
1042 1710 1181 1798 spreto,
1213 1701 1286 1778 sive
1310 1702 1434 1780 Venus
1449 1707 1512 1795 fit,
1535 1631 1574 1780 fi·

419 1827 467 1876 ve
494 1807 651 1906 coniugii
671 1803 944 1898 srt'descriptio,
970 1803 1013 1876 de
1035 1824 1107 1896 quo
1122 1822 1227 1892 mox,
1253 1801 1350 1896 quod
1363 1823 1430 1876 nec
1444 1801 1571 1878 Roma-

318 1936 325 1948 ·
420 1901 503 1990 nis,
528 1922 597 1974 nee
612 1899 853 1989 Antichristo,
878 1899 1157 1975 consentaneum
1179 1897 1253 1988 est,
1277 1921 1359 1974 cum
1374 1899 1484 1976 Clero
1499 1903 1577 1995 qui·

420 1998 503 2072 dem
526 1999 574 2071 ob
602 1999 757 2072 rationes
783 1995 890 2072 status
919 1995 1150 2071 Ecclesrastici
1171 1995 1395 2072 interdixerit
1414 2000 1569 2094 nuptiis,

418 2095 478 2170 sed
501 2094 582 2170 alias
597 2093 863 2191 prosaniiiffirno
879 2115 919 2168 re
939 2117 997 2168 eas
1010 2095 1162 2186 habeat,
1188 2093 1222 2186 δι
1237 2092 1470 2172 sacramento.
1501 2099 1574 2172 An·-

421 2193 562 2276 tiochus
584 2215 652 2290 qua
674 2195 811 2268 ratione
831 2189 985 2266 Ventrem
999 2192 1151 2266 ludibrio
1167 2191 1354 2281 habuerit,
1373 2216 1462 2268 mox
1475 2211 1570 2291 pate·

365 2355 371 2360 .
419 2291 507 2366 nit·
530 2289 565 2384 f.
592 2291 632 2366 ln
659 2290 732 2366 Deo
751 2297 941 2387 peregrino,
967 2291 1100 2384 abipso
1115 2290 1233 2376 cultos
1260 2289 1356 2384 quod
1372 2291 1576 2370 Antiochus

417 2387 530 2480 fecit,
558 2412 635 2466 non
656 2387 837 2465 Romanus
860 2389 1032 2482 populus,
1057 2403 1118 2464 aut
1138 2385 1397 2481 Antichristus,
1423 2389 1488 2466 nisi
1502 2392 1570 2468 vai·

417 2487 462 2564 de
480 2504 639 2574 remote,
663 2487 786 2563 &usui
805 2485 958 2580 phrafios
975 2485 1091 2560 minus
1107 2503 1366 2581 congruenter.

467 2589 499 2676 §.
515 2583 688 2658 CLXXX.
745 2607 780 2676 4.
812 2583 906 2682 Quia
929 2583 1076 2677 sequens
1096 2582 1283 2676 pericopa,
1321 2582 1412 2657 vers.
1431 2593 1567 2680 40-245.

415 2681 602 2762 manifeste
624 2683 667 2754 ad
690 2703 796 2778 regna
811 2681 919 2774 Syriae
933 2681 967 2754 δι
982 2683 1138 2778 Aegypti
1150 2679 1329 2774 pertinet,
1354 2681 1448 2757 nulia
1463 2685 1572 2761 ratio·

416 2805 466 2856 ne
488 2781 558 2852 alio
575 2776 757 2852 flectenda.
808 2797 842 2864 5.
867 2776 962 2873 Quia
974 2777 1178 2854 instauratio
1196 2779 1317 2872 populi
1332 2801 1396 2871 per
1408 2779 1571 2856 Michae.

418 2879 514 2961 lem,
539 2872 737 2966 principem
760 2893 947 2967 magnum,
977 2895 1056 2967 cap.
1078 2897 1157 2964 xm,
1182 2875 1215 2950 &
1239 2891 1315 2952 tota
1325 2875 1378 2947 iila
1392 2879 1566 2974 pericopa

418 2974 463 3048 ad
492 2967 599 3044 iinem
632 2967 711 3042 iibri
740 2969 784 3042 ad
805 2971 1030 3046 Maccabaica
1055 2986 1218 3069 tempora
1241 2997 1306 3050 nos
1327 2972 1432 3050 ducit.
1502 2975 1564 3050 De

416 3069 546 3164 quibus
564 3062 684 3158 postea
705 3067 874 3142 dicemus.
915 3066 1080 3164 Denique
1103 3073 1143 3148 6.
1153 3072 1234 3166 quia
1247 3069 1424 3146 clarissima
1436 3070 1490 3146 est
1502 3074 1566 3150 hu·

412 3169 471 3261 jus
488 3163 689 3260 pericopa,
713 3165 744 3240 δι
762 3167 905 3242 aliarum
922 3169 1073 3261 partium
1090 3169 1242 3244 visorum
1259 3169 1440 3259 Danielis,
1466 3195 1562 3266 qua,

375 3361 376 3364 Ἴ
417 3281 461 3339 ut
481 3264 519 3337 in
542 3261 632 3342 Diis.
651 3263 694 3338 ad
710 3263 807 3339 Dan.
835 3265 1091 3356 demonstravi,
1117 3265 1308 3362 Epiphania
1332 3255 1492 3344 facinora
1505 3271 1562 3342 de·

410 3363 591 3462 pingunt,
617 3361 890 3451 convenientia,
916 3379 956 3436 ut
970 3388 1004 3439 c.
1020 3385 1082 3438 vu:
1100 3387 1156 3456 25.
1183 3364 1226 3448 δ’
1248 3368 1347 3438 veria
1362 3371 1509 3462 loquetur
1528 3373 1563 3442 in
1701 3427 1702 3468 ,

408 3473 539 3560 portem
554 3458 734 3557 Aitiffinti,
761 3458 937 3558 &sorados
951 3459 1169 3556 oitifflmornm
1184 3459 1341 3558 adfligit,
1369 3463 1563 3559 &studebit

411 3576 541 3634 mutare
560 3567 703 3656 tempora
723 3573 754 3631 ei
769 3556 955 3652 jiotusnnr,
982 3562 1198 3634 corrodantur
1216 3567 1252 3634 in
1270 3585 1404 3636 manunt
1418 3565 1511 3661 rjus,·
1533 3587 1570 3648 c.
1695 3549 1702 3620 3

411 3679 491 3734 vm:
518 3681 574 3732 11.
599 3673 630 3732 es
652 3669 763 3732 contra
782 3662 961 3753 principem
976 3655 1180 3754 exercitasse
1195 3657 1316 3754 efferet.
1345 3660 1413 3737 &c
1433 3689 1452 3740 n
1458 3685 1493 3754 5.
1512 3663 1563 3760 se·
1701 3695 1702 3698 ¹

399 3755 502 3854 seque
521 3756 612 3829 corde
624 3755 689 3849 sno
710 3757 864 3843 extollas,
891 3770 920 3827 er
937 3759 972 3827 in
990 3761 1156 3850 opimitate
1169 3773 1353 3853 corrumpat
1367 3765 1505 3851 multos,
1531 3778 1561 3840 er

407 3869 521 3928 arnna
548 3857 729 3950 principem
747 3857 938 3949 principun
960 3855 1122 3951 spargat.
1144 3877 1175 3932 c.
1198 3878 1262 3932 mr:
1288 3857 1321 3932 6.
1354 3879 1453 3958 nsque
1477 3879 1557 3958 qus,

481 3996 488 4010 ·
1459 3979 1561 4064 roga*
