3428 4742
404 391 485 491 ⁶4⁶
589 345 1502 464 courirurrrarrus·

417 599 500 654 cum
523 576 629 668 ditia,
664 592 740 652 tum
765 574 856 651 fasta
877 575 914 651 in
936 595 1062 650 verum
1086 571 1208 648 Deum
1229 571 1387 660 Israelis,
1421 568 1571 667 ejusque

419 679 615 771 populum,
638 678 675 751 ἃ
696 675 913 769 Templum,
938 673 972 746 &
997 675 1142 762 urbem,
1169 671 1204 743 &
1221 671 1384 758 cultum,
1409 668 1488 743 satis
1506 691 1571 745 no·

417 789 480 863 ta,
504 775 560 846 hic
575 775 611 848 in
626 774 741 846 lucem
761 770 940 867 proferri,
969 769 1072 844 facile
1090 783 1198 864 patet.
1250 768 1407 841 Tantum
1424 765 1570 862 phrasrs,

416 873 456 944 ‘aa
476 917 504 932 ·-
525 884 562 945 ia
575 876 611 952 ir
634 886 747 944 contra
765 893 886 942 amnem
905 867 1016 942 Deum
1031 869 1125 941 verti
1139 867 1263 954 solita,
1289 864 1442 940 nostram
1459 887 1571 939 mere-

416 983 475 1045 tur
491 990 622 1044 curam.
673 966 826 1042 Locutio
848 967 934 1042 mihi
950 986 1023 1040 tarn
1036 965 1209 1054 insolens,
1234 962 1353 1038 nescio
1367 985 1411 1037 an
1426 964 1569 1052 (italiis,

416 1066 584 1154 videtur,
611 1080 670 1155 ut,
696 1065 720 1138 sr
742 1066 985 1152 eiuratione,
1018 1084 1059 1136 ac
1081 1063 1191 1149 solet,
1226 1061 1383 1156 expediri
1402 1083 1476 1136 nou
1492 1083 1569 1156 pot·

420 1162 503 1251 set,
534 1182 664 1238 vocem
692 1167 731 1236 iu
754 1185 800 1237 ex
822 1161 1046 1256 sequentibus
1068 1157 1237 1255 irrepfiffe
1261 1157 1469 1249 statuerim
1503 1179 1570 1234 nec

420 1261 492 1334 stne
513 1261 611 1334 omni
629 1261 786 1348 ratione,
812 1282 895 1335 cum
909 1261 1004 1354 quod
1019 1257 1190 1352 superflua
1207 1254 1342 1331 censeri
1357 1253 1477 1350 polit,
1493 1271 1570 1332 tum

421 1358 517 1452 quod
533 1357 623 1432 vers.
637 1357 708 1454 seq.
724 1379 863 1466 quoque
878 1381 953 1432 non
971 1359 1159 1445 habeatur,
1193 1354 1251 1428 sed
1266 1353 1488 1448 simpliciter,
1504 1353 1572 1451 see

422 1453 535 1552 efferet
561 1459 600 1530 ia
620 1461 658 1542 iu
676 1455 781 1552 supra
803 1455 847 1538 ὃ
869 1471 981 1530 contra
1002 1459 1121 1529 omnia.
1184 1454 1248 1528 Gr.
1271 1451 1476 1548 interpres,
1514 1451 1573 1544 qui

422 1554 552 1641 vertit,
578 1559 630 1626 ἐπὶ
652 1554 759 1626 πάντα
780 1553 873 1642 θεὼ,
907 1560 932 1660 a}
957 1551 1083 1635 λαλήσει
1106 1553 1266 1646 dirigam
1284 1549 1571 1639 adversusomnrm

421 1648 555 1739 Deum,
582 1649 625 1734 ἐξ
648 1653 678 1722 lo
699 1666 794 1724 uetur
814 1647 1010 1748 insolentia,
1045 1651 1081 1723 in
1102 1649 1250 1722 eandem
1274 1645 1462 1722 teutonem
1486 1646 1575 1723 trahi

423 1745 567 1840 pollet,
592 1675 856 1835 utelituatur,
882 1755 936 1820 ἐπὶ
952 1741 1083 1837 πάντα,
1110 1750 1204 1854 &iul
1222 1745 1293 1820 Salv
1312 1742 1453 1829 autrici:
1479 1743 1574 1840 quod

422 1841 551 1916 retlius
584 1841 690 1935 fluit,
733 1845 767 1917 ἃ
797 1845 927 1918 Hebrae
950 1843 1062 1919 textui
1083 1843 1191 1940 magis
1213 1842 1492 1917 consentaneum
1513 1839 1573 1916 ert

423 1939 495 2014 Sed
510 1938 676 2030 lubricae,
703 1941 860 2016 &nimis
882 1940 979 2016 forte
1003 1943 1222 2029 temerarie,
1249 1941 1328 2015 crist
1343 1963 1417 2014 non
1432 1937 1572 2028 infist0;

426 2037 598 2129 aliamque
621 2039 713 2112 viam
736 2039 911 2132 aperiam,
943 2036 1084 2122 letiioni
1098 2053 1252 2131 receptae
1267 2058 1483 2136 congruam,
1508 2059 1575 2131 qua
1706 2097 1707 2102 a

317 2209 321 2216 ,
425 2133 484 2207 vel
500 2140 538 2209 iar
560 2155 634 2208 non
656 2157 721 2229 pro
743 2133 837 2227 Deo,
869 2135 928 2212 sed
943 2139 1077 2225 divino,
1110 2151 1173 2208 aut
1197 2133 1321 2232 laudun
1338 2141 1483 2230 petentia
1497 2137 1575 2208 crie-

425 2229 501 2305 lesti
519 2229 683 2322 sumitur,
709 2235 767 2308 vel
784 2257 873 2309 ornare
887 2251 949 2310 aut
966 2231 1231 2329 universumDei
1246 2233 1416 2308 redditur.
1478 2231 1575 2308 Ferri

425 2331 524 2404 enirn
543 2329 647 2422 plane
670 2333 794 2425 nequit
806 2331 912 2430 supra
926 2335 986 2406 vel
1000 2348 1126 2407 contra
1140 2353 1261 2403 omnem
1276 2329 1408 2420 Deum,
1435 2330 1516 2427 quia
1529 2331 1578 2408 in·

427 2425 542 2502 solens
566 2426 790 2523 eripimus,
823 2453 891 2506 nec
914 2429 1047 2507 sensum
1062 2426 1181 2504 fundit
1196 2429 1441 2520 tolerabilem
1466 2452 1514 2504 ne
1530 2428 1576 2503 di·

426 2547 531 2616 cam,
556 2547 639 2599 mox
653 2525 744 2601 vers.
764 2529 834 2620 seq.
848 2539 923 2604 ruia
936 2530 975 2604 ia
988 2551 1110 2600 omnem
1124 2525 1255 2615 Deum,
1280 2527 1391 2620 phrafi
1407 2529 1577 2622 meliore,
1705 2581 1706 2586 ,

428 2643 640 2712 occurrere,
666 2623 823 2718 adeoque
843 2623 1001 2700 nostrum
1024 2629 1063 2698 ire
1083 2629 1120 2698 in
1134 2624 1238 2717 plane
1253 2623 1333 2697 fore
1349 2623 1577 2721 superfluum.

429 2718 514 2794 Vox
535 2727 595 2807 ie,
620 2719 779 2796 absolute
798 2722 931 2814 polita,
957 2721 992 2796 δι
1013 2720 1057 2794 de
1078 2718 1160 2794 Deo
1181 2721 1363 2815 usurpata,
1402 2743 1577 2816 nusquam

428 2817 491 2890 niu
514 2840 628 2891 verum
649 2817 770 2891 Deum
792 2819 921 2914 signat,
946 2817 1070 2892 uisum
1084 2816 1230 2893 Numen
1245 2817 1270 2890 sr
1284 2819 1474 2910 exprimat,
1501 2820 1576 2913 epi·
1705 2899 1706 2902 ,

426 2912 579 3003 theton,
614 2911 674 2984 vel
695 2939 748 2991 aar
764 2919 992 3010 peregrinum,
1030 2915 1089 2985 vel
1112 2913 1226 3004 aliud,
1259 2913 1392 3010 semper
1412 2913 1575 3009 additur;

426 3007 553 3101 inquo
573 3004 694 3082 differt
716 3011 760 3084 ab
780 3013 872 3103 mir,
897 3010 996 3103 cuius
1010 3010 1113 3085 latior
1129 3009 1208 3087 usus
1224 3012 1295 3102 est,
1318 3030 1361 3088 ut
1373 3035 1460 3089 mox
1475 3029 1579 3090 nota·

424 3107 488 3181 bo,
537 3106 702 3182 Occurrit
720 3106 861 3203 quidem
882 3113 972 3184 nur
992 3109 1028 3184 in
1050 3109 1175 3203 plurali
1189 3133 1256 3205 pro
1278 3109 1423 3190 δνναίςαις
1436 3117 1576 3206 potenti·

423 3205 510 3292 bus,
535 3203 594 3280 sed
615 3226 690 3281 non
711 3209 750 3280 ir
771 3207 807 3281 in
827 3205 1009 3305 fingulari;
1034 3230 1102 3301 pro
1117 3205 1190 3281 Deo
1198 3206 1312 3303 falso‚·
1334 3222 1397 3283 aut
1414 3207 1461 3282 lic
1474 3211 1573 3304 ditio,

426 3302 630 3395 reperitur:
664 3325 737 3380 non
760 3305 910 3402 ignoro,
933 3304 1063 3378 Ezech.
1087 3327 1261 3383 xxxrtrr.
1288 3333 1344 3381 nu
1359 3311 1424 3397 iu,
1450 3305 1507 3380 sed
1519 3323 1572 3404 po·

426 3407 533 3474 tentia
558 3401 718 3502 gentium
745 3401 967 3499 intelligitur.
1032 3399 1173 3478 tradam
1194 3427 1293 3494 eum,
1337 3403 1427 3478 dicit
1447 3401 1573 3500 Deus,

425 3522 480 3573 uu
509 3503 547 3572 iu
571 3526 619 3574 ru
652 3505 838 3574 inmanem
854 3504 1189 3668 putenticafigentium
1213 3523 1281 3597 pro
1297 3527 1325 3574 u
1339 3505 1397 3578 iau
1413 3479 1450 3575 in
1461 3517 1573 3599 poten-

426 3600 508 3669 tiam
523 3617 638 3670 marrus
651 3601 797 3694 gentium
806 3624 820 3688 ,·
853 3596 907 3671 uti
922 3597 1006 3690 phra
1032 3619 1049 3671 s
1071 3596 1195 3673 usitata
1211 3619 1229 3658 a
1249 3627 1280 3674 u
1293 3602 1490 3695 inpotentia
1504 3623 1571 3674 ma·

425 3713 489 3766 uus
510 3692 651 3768 edocet.
700 3695 891 3770 Aurifaber
912 3693 1054 3788 quidem
1075 3715 1201 3772 aurum
1223 3697 1258 3773 ἃ
1278 3711 1466 3796 argentum
1490 3699 1571 3796 legi·

426 3797 481 3866 tui
496 3789 613 3883 facere
633 3796 673 3865 in
691 3789 821 3885 Deum,
851 3790 920 3887 Jes.
940 3811 1039 3869 xuvr:
1063 3798 1098 3870 6.
1123 3793 1183 3867 sed
1197 3799 1236 3870 iu
1258 3795 1307 3870 ibi
1327 3815 1453 3871 verum
1469 3795 1567 3967 {uum

1446 3915 1566 3988 uum,

455 4007 569 4068 auen.
590 4024 678 4072 mr:
700 4024 750 4082 29·
770 4011 859 4077 Deut.
878 4027 1008 4078 xxvrrr:
1030 4027 1077 4090 ³2·
1098 4011 1185 4078 Prov.
1208 4031 1275 4078 111:
1297 4031 1345 4092 η.
1365 4015 1445 4082 Neh.
1466 4033 1495 4078 v.
1516 4030 1543 4091 ς.
