3462 4770
301 471 357 526 m
404 425 780 526 vnrrcrrr'rn
828 436 1164 528 oaurrtrs.
1239 455 1313 548 aaa

159 640 226 720 suis
247 646 443 736 trucidato,
468 667 619 745 regnum
647 639 828 718 Persarum
858 637 1085 732 exstinetam,
1112 644 1309 736 violatum,

157 743 303 816 &varie
326 743 497 820 vastatum
522 742 590 834 est3
617 761 814 834 omnesque
834 755 983 814 conatus
1005 764 1153 831 eorum,
1178 746 1239 837 qui
1262 746 1311 819 A·

153 840 331 940 taxandro,
342 841 413 916 sese
429 840 696 938 opposuerunt,
716 839 861 932 ejusque
876 839 1070 935 progressui
1087 840 1230 916 obicem
1247 863 1308 935 po«

72 983 89 990 -
154 953 242 1010 nere
258 940 473 1108 volueritkmt,
497 938 621 1015 frustra
637 937 856 1012 ceciderunt.
908 934 1018 1036 Quod
1036 959 1080 1010 ex
1096 937 1242 1014 historia
1261 938 1312 1013 sa*

155 1034 200 1108 tis
218 1052 381 1110 notume
413 1090 423 1110 .
786 1059 789 1062 ·

204 1135 236 1220 §.
260 1132 388 1208 LXlV.
442 1164 478 1228 y.
504 1131 585 1206 Hoc
598 1130 713 1220 sablo,
727 1151 878 1228 regnum
892 1127 1136 1206 Macedonum
1153 1133 1190 1207 in
1208 1133 1309 1208 subli·

152 1226 205 1302 mi
226 1227 364 1326 fastigio
389 1231 507 1325 gloriae
532 1230 566 1302 dr
589 1231 759 1322 potentiae
784 1225 835 1298 est
858 1225 1034 1320 positum,
1057 1229 1309 1303 &Alexander

155 1340 266 1416 caput
280 1324 418 1412 adaslra
433 1327 581 1416 extulit,
592 1323 694 1417 supra
709 1325 897 1400 humanam
909 1319 1040 1395 sortem
1054 1319 1126 1395 sese
1140 1324 1308 1400 elevans:

155 1421 253 1512 quod
267 1421 321 1496 his
335 1424 454 1496 verbis
471 1423 518 1496 vs.
538 1426 573 1498 8.
590 1421 827 1516 proponitur:
853 1415 901 1518 &¹
916 1416 1024 1490 hircus
1053 1433 1224 1514 capraram
1239 1421 1307 1520 sese

152 1515 328 1612 magnifice
344 1525 464 1592 extulit
480 1521 522 1592 ad
542 1519 639 1593 ualde
657 1541 773 1614 utque,
800 1517 880 1599 &c
896 1537 955 1590 ar:
972 1535 1005 1608 3.
1032 1513 1173 1608 &fecit
1182 1533 1242 1616 pro
1257 1524 1308 1594 lu·

148 1612 305 1708 bt‘tusur.
354 1614 444 1716 Qua.
463 1637 543 1692 curn
559 1617 603 1689 de
620 1613 756 1702 Ariete,
786 1613 846 1690 seu
862 1613 1006 1710 regibus
1022 1611 1223 1705 Persarum,
1250 1639 1305 1691 ea·

149 1708 234 1784 dem
252 1711 388 1786 fuerint
404 1711 512 1802 ditia,
538 1713 572 1788 u
595 1713 632 1788 in
652 1711 846 1806 Superiore
869 1708 958 1784 Diss.
982 1707 1173 1801 illustrata,
1200 1715 1304 1789 nobis

148 1804 208 1880 hic
221 1830 355 1884 moram
369 1833 444 1885 non
459 1811 632 1902 injicient.
690 1807 884 1884 Alexandri
899 1805 995 1880 enim
1010 1829 1103 1880 arma
1119 1810 1274 1884 victricia
1290 1860 1304 1902 ,

148 1925 228 1998 quae
242 1927 308 2000 per
328 1922 444 1982 totum
460 1907 646 1982 Orientem
664 1927 774 2000 usque
795 1900 942 1978 adfines
964 1906 1040 1997 ejus
1055 1906 1301 1998 circumtulit,

146 2001 281 2076 summa
296 2026 436 2098 quoque
454 2009 606 2094 ambitio,
634 2023 722 2097 qua,
738 2017 840 2075 totum
854 2005 958 2076 orbem
976 2006 1083 2074 animo
1098 2009 1300 2100 complexus,

136 2095 287 2192 statuit,
318 2109 404 2174 omni
427 2104 469 2174 ad
494 2101 663 2176 Orientem
682 2105 850 2174 maritime
873 2105 1003 2194 regione
1006 2103 1225 2263 ‘'perdomitu,
1259 2125 1301 2178 ex

145 2193 250 2294 Syria
267 2209 373 2290 petere
398 2197 580 2290 Africam,
604 2199 678 2270 inde
702 2241 729 2262 ·.
755 2243 781 2258 ..
805 2243 833 2259 ..
861 2193 988 2286 cursum
1039 2197 1114 2268 ates
1136 2199 1300 2296 dirigere,

143 2311 187 2367 ut
204 2292 249 2364 de
267 2293 344 2384 ipso
363 2293 462 2370 Curt.
485 2315 518 2366 x:
544 2315 575 2368 r.
602 2293 659 2365 cui
681 2289 842 2365 concinit
867 2288 976 2363 Diod.
1006 2290 1076 2364 Sic.
1099 2313 1194 2369 xvrrr.
1217 2317 1294 2392 pag.

145 2391 232 2480 588.
257 2387 352 2463 Plut.
374 2391 411 2464 in
428 2391 528 2464 Alex.
553 2411 632 2485 pag.
647 2409 730 2482 702.
781 2385 886 2486 quod,
908 2387 951 2459 ab
982 2385 1101 2459 animo
1123 2391 1198 2480 ejus
1222 2411 1299 2466 non

140 2483 248 2560 fuisse
270 2487 422 2562 alienum
441 2487 582 2562 Arriam
604 2505 667 2560 vn.
690 2484 769 2558 init.
794 2479 961 2576 &ipsum
983 2486 1091 2554 animo
1120 2485 1227 2560 eriam
1248 2489 1297 2560 de·

105 2661 110 2669 ,
134 2577 296 2678 fiinaffe,
332 2584 437 2659 tradit
459 2585 482 2659 l
506 2605 555 2658 rv.
578 2603 656 2680 pag.
678 2581 756 2656 160.
781 2582 996 2653 arbitrarium
1018 2577 1197 2677 regimen,
1225 2599 1299 2678 qno

71 2691 74 2696 ‘
140 2681 253 2778 coepit
274 2681 344 2771 uti,
369 2679 594 2778 posteaquam
618 2681 654 2755 in
676 2676 797 2774 primis
819 2675 1067 2767 Anaxarchus,
1094 2677 1181 2753 teste
1202 2679 1295 2758 Plut.

139 2779 179 2855 in
203 2779 374 2855 Alexand.
397 2803 474 2879 pag.
492 2785 575 2874 695.
603 2801 686 2854 eum
702 2775 851 2867 docuit,
877 2779 984 2848 emnia
1004 2797 1119 2871 regam
1132 2774 1228 2869 faita
1250 2777 1295 2862 ὁ*

138 2873 232 2976 gessa
255 2875 313 2974 effe
336 2882 429 2952 licita
453 2875 497 2962 θ
511 2875 622 2974 josia,
648 2897 722 2970 quo
743 2873 858 2948 acrius
879 2871 997 2962 timul,
1023 2873 1122 2949 srmul
1137 2871 1297 2970 dulcius,

140 2994 328 3049 venenum
357 2975 512 3070 Regibus
530 2976 570 3048 ·&
596 2973 817 3068 Principibus
846 2970 1027 3066 propinari
1044 2972 1207 3066 nequit,
1246 2975 1293 3049 de

140 3092 218 3166 quo
240 3067 369 3142 reliam
391 3073 471 3144 tulit
491 3069 700 3145 sententiam
723 3069 861 3143 Arrian·
883 3068 906 3140 l·
923 3090 970 3142 rv-
994 3087 1072 3164 pag.
1099 3071 1175 3162 164.
1227 3071 1294 3146 de.

138 3169 253 3259 nique
275 3167 392 3238 diuina
407 3165 530 3262 origo,
556 3173 658 3258 quam
679 3165 725 3238 ab
746 3163 929 3238 Hammone
952 3163 1034 3238 duci
1056 3166 1193 3257 voluit,
1218 3171 1292 3247 Dei

138 3266 175 3340 δι
189 3260 254 3336 filii
272 3261 342 3336 Dei
359 3261 502 3349 titulus,
528 3282 599 3353 quo
613 3261 763 3356 insigniri
779 3261 945 3348 ambivit,
971 3260 1092 3333 divina
1115 3267 1291 3358 adoratio,

139 3383 247 3458 quam
269 3360 329 3434 srbi
350 3358 481 3434 deferri
501 3353 618 3449 juffit,
645 3361 776 3429 bonores
795 3355 932 3444 divini,
957 3355 1082 3446 quibus
1101 3355 1177 3431 Diis
1195 3359 1230 3432 se
1246 3385 1288 3436 ae.

138 3459 240 3553 quari
263 3455 402 3547 statuit,
427 3457 617 3547 similiaque
641 3455 724 3540 alia,
750 3450 906 3540 nemini,
929 3449 993 3522 rrisr
1008 3451 1044 3523 in
1059 3451 1212 3528 Historia
1226 3458 1290 3531 ho.

137 3557 239 3650 spiri,
265 3556 386 3653 ignota
401 3553 490 3630 sunt.
541 3553 682 3723 Qe’
708 3571 752 3624 ne
775 3547 846 3621 srne
861 3545 999 3620 ratione
1023 3549 1193 3638 prolixior
1205 3553 1292 3646 lim,

138 3656 175 3728 in
198 3652 473 3751 generalioribus
497 3651 540 3723 de
577 3647 723 3744 uperbia
746 3647 779 3720 dr
802 3641 891 3748 fastu
911 3647 986 3735 ejus
1009 3641 1216 3722 testimoniis
1231 3673 1288 3726 ac.
1317 3667 1322 3677 '

140 3749 326 3846 quiescam.
377 3747 510 3822 Verum
528 3749 650 3842 utique
668 3743 740 3835 est,
759 3743 855 3838 quod
871 3739 914 3813 de
930 3739 1133 3815 Alexandro
1146 3761 1156 3814 r
1168 3743 1287 3826 Mace.

138 3871 162 3924 t:
182 3874 214 3942 3·
241 3847 413 3935 habetur,
436 3844 540 3934 siddim
561 3853 612 3920 eal
632 3841 742 3932 sadda
765 3849 783 3924 η’
803 3836 921 3936 „apale
948 3844 1030 3912 etet
1050 3843 1214 3915 exaltatus
1241 3846 1289 3930 &⁹

137 3941 305 4036 ataruseft
329 3949 458 4018 orimur
481 3944 578 4046 ejus3
602 3941 754 4018 babebat
774 3940 871 4016 enim
892 3937 1037 4013 animum
1046 3933 1152 4034 sttpm
1171 3944 1284 4015 lmma·
1389 4013 1393 4021 ,

1206 4061 1287 4118 mim
