3456 4744
440 425 514 508 720
608 337 1421 482 c'onrnrarrranrus

437 583 522 683 finis
540 589 653 664 naalon
677 585 850 659 arduomm
873 577 1181 678 &periculosorum
1205 574 1295 652 vers.
1317 572 1351 650 6.
1385 591 1467 648 eum
1479 567 1595 650 mani-

443 685 532 760 festa
547 684 723 758 adlulione
737 683 780 756 ad
794 688 885 756 maha
896 679 1078 774 portentosa
1095 679 1173 766 illa,
1199 698 1276 769 quae
1290 675 1494 767 loqueretur
1508 692 1593 772 age·

442 798 569 880 retque
584 781 806 876 Epiphanes,
830 801 861 855 c.
878 801 922 852 ru:
939 781 996 871 36.
1023 775 1148 848 devm:
1171 796 1228 865 24.
1270 804 1275 814 ·

492 885 525 971 §.
545 877 762 952 CCXXXlX.
813 899 847 968 5.
874 875 1021 968 Epocha
1042 873 1196 965 denique
1221 866 1433 944 adflieriffimi
1458 867 1589 962 status,

442 981 563 1051 ablutio
582 979 675 1072 jugis
687 970 876 1072 sacrificii,
915 972 1192 1047 &abominabilis
1205 965 1588 1062 fideranrt'sacollucah'o,

442 1072 537 1148 vers.
560 1065 613 1148 11'.
630 1095 711 1146 tum
726 1095 757 1146 c.
773 1093 847 1150 vna
868 1091 925 1159 rt,
942 1091 999 1164 r3.
1015 1069 1048 1142 dt
1065 1090 1111 1143 xr:
1130 1089 1185 1162 3¹·
1211 1081 1437 1160 comparata,
1462 1067 1591 1138 duratis

445 1191 589 1266 quoque
603 1171 827 1260 calamitatis,
853 1191 916 1264 per
931 1183 1078 1262 tempas,
1105 1165 1297 1259 tempora&
1316 1165 1486 1238 dimidium
1501 1161 1589 1242 vers.

443 1289 483 1362 7.
510 1265 687 1364 exprella,
720 1290 808 1342 eum
830 1289 866 1342 c.
890 1287 974 1340 vrra
999 1285 1056 1356 25.
1089 1264 1248 1352 collata,
1274 1261 1430 1335 &certo
1452 1261 1591 1336 dierum

445 1388 600 1442 numero
620 1363 764 1439 definita
786 1365 874 1440 vers.
900 1386 955 1437 rr:
984 1384 1068 1454 ra,
1100 1361 1163 1435 eui
1183 1359 1342 1434 concinit
1365 1379 1533 1432 numerus
1556 1380 1591 1431 c.

444 1483 556 1538 vrrrt
583 1486 659 1554 14.,
693 1466 728 1535 in
757 1464 883 1554 quibus
906 1462 1076 1557 parallelis
1099 1459 1186 1536 locis
1209 1456 1425 1550 Epiphaniae
1441 1456 1592 1529 omnino

447 1562 648 1634 intenditur
669 1558 842 1647 adflictio,
867 1559 924 1632 hie
946 1559 992 1630 de
1013 1557 1138 1632 eadem
1155 1554 1229 1654 agi,
1253 1554 1412 1646 adeoque
1425 1550 1592 1626 Eccleliae

446 1657 683 1732 Maccabaieae
696 1655 983 1731 instaurationem
997 1655 1159 1751 depingi,
1177 1655 1238 1725 vix
1251 1652 1419 1745 relinquit
1433 1649 1590 1727 dubium.

445 1751 529 1852 Qua
550 1756 593 1827 de
616 1775 654 1826 re
669 1776 750 1828 cum
766 1755 923 1848 pluribus
937 1751 1189 1847 disputaverim
1204 1750 1240 1823 in
1255 1747 1592 1822 Differtationibusa

446 1853 491 1922 ad
521 1850 678 1924 Danielis
701 1856 864 1922 uaticinia
887 1853 1131 1940 emblemarica,
1168 1848 1226 1921 hic
1246 1846 1332 1921 nihil
1352 1846 1497 1930 addam,
1531 1844 1593 1918 nift

446 1949 565 2020 obiter
586 1945 671 2017 illud
688 1968 802 2020 *unum
824 1948 1043 2022 alterumve:
1077 1979 1111 2022 a.
1127 1966 1189 2022 eos
1206 1941 1319 2018 allilo
1333 1945 1435 2036 hujus
1450 1943 1530 2016 libri
1544 1941 1594 2017 ni·

446 2045 560 2121 mium
576 2043 757 2133 aberraret
782 2045 844 2137 qui
859 2067 922 2138 per
936 2046 1003 2116 dier
1016 2041 1164 2118 censent
1177 2064 1278 2116 annot
1295 2042 1447 2138 intelligi
1464 2062 1494 2115 c.
1509 2061 1591 2115 xtra

449 2164 509 2231 tr,
537 2162 590 2214 ra.
614 2161 733 2234 eoque
757 2139 1001 2235 supersttuunt
1016 2139 1252 2216 fundamento
1265 2139 1356 2214 male
1370 2136 1484 2213 coeo
1499 2136 1593 2234 cogi·

447 2241 604 2314 tationes
619 2239 662 2311 de
679 2237 1027 2328 Antichristianismi,
1052 2239 1267 2333 mundique,
1285 2236 1484 2312 duratione.
1510 2235 1593 2309 Dies

446 2337 569 2412 hocin
584 2335 740 2411 Danielis
756 2337 846 2410 libro
859 2339 1041 2430 proprium
1056 2341 1155 2412 luum
1173 2336 1331 2410 retinent
1345 2333 1593 2434 fignificatum,

446 2435 473 2510 fi
495 2457 647 2510 numerus
665 2433 830 2523 addatur,
862 2432 1019 2508 absolute
1046 2435 1148 2528 posrti
1170 2433 1311 2506 brevius
1333 2435 1506 2528 temporis
1525 2431 1594 2527 spa·

445 2535 559 2621 tium,
590 2552 654 2626 per
675 2530 748 2605 dies
771 2533 889 2626 potius
912 2553 1014 2624 quam
1036 2554 1148 2607 annos
1168 2530 1450 2625 supputandum,
1490 2531 1594 2628 delig-

448 2646 555 2720 nant,
589 2629 643 2704 uti
670 2627 748 2722 plus
775 2627 882 2704 semel
909 2630 945 2702 in
971 2629 1041 2703 hoc
1061 2633 1286 2702 commentario
1308 2628 1596 2705 observavimus:

448 2730 592 2826 longior
608 2727 779 2820 temporis
798 2727 963 2820 periodus
977 2725 1002 2798 fi
1017 2727 1246 2818 adtendatur,
1272 2753 1412 2801 nosue·
1431 2728 1499 2799 dies
1513 2729 1598 2799 mul·

448 2830 497 2910 tl,
523 2839 616 2894 ute.
638 2843 748 2893 vrrs.
775 2827 855 2907 aa,
889 2823 1076 2912 dicuntur,
1101 2825 1135 2896 dt
1157 2827 1223 2898 dier
1241 2823 1275 2898 in
1288 2845 1418 2918 genere
1429 2847 1499 2913 pro
1517 2841 1600 2896 tem·

443 2935 520 3018 pore
539 2914 734 3008 usurpatur.
785 2915 870 3016 Quo
897 2918 983 2992 nihil
1006 2919 1059 2993 est
1074 2922 1258 3020 vulgatius.
1305 2919 1464 2994 Tantum
1485 2921 1596 2994 labdo·

447 3015 555 3090 madet
578 3035 644 3106 pro
665 3011 800 3107 septem
822 3037 996 3092 annorum
1018 3019 1170 3094 veniunt
1191 3019 1361 3114 periodo,
1384 3039 1417 3092 c.
1438 3040 1495 3094 rx:
1514 3017 1593 3110 quia'

446 3133 547 3206 aeque
561 3134 719 3185 annorum
732 3133 773 3185 ac
787 3113 911 3187 dierum
926 3114 1068 3210 pollent
1083 3118 1230 3214 intelligi
1244 3117 1494 3192 hebdomades.
1510 3115 1596 3216 Quo

444 3211 539 3285 clare
563 3231 628 3283 nos
649 3209 776 3301 ducit,
810 3211 903 3305 quod
931 3235 961 3286 e.
989 3237 1022 3288 rr:
1046 3237 1081 3304 a,
1101 3219 1136 3303 ἴς.
1168 3217 1370 3308 hebdomades
1392 3216 1514 3290 dierum
1538 3236 1595 3287 err-

446 3307 559 3406 prelle
583 3323 846 3397 memorentur,
872 3329 1102 3408 argumento,
1127 3312 1214 3386 tales
1234 3313 1340 3388 etiam
1366 3316 1403 3386 in
1418 3313 1487 3386 hoc
1503 3312 1595 3385 libro

442 3429 605 3484 annorum
626 3429 836 3495 occurreret
861 3408 895 3480 dt
920 3409 988 3482 dies
1002 3432 1084 3484 eum
1099 3415 1196 3484 annis
1211 3433 1284 3485 non
1301 3409 1370 3483 elle
1386 3412 1595 3504 permiscen-

447 3503 522 3580 doS.
574 3505 610 3590 β.
634 3503 746 3578 Nullo
768 3502 866 3578 sensu
887 3505 956 3579 dici
978 3506 1073 3600 polle
1090 3521 1212 3604 tempus
1227 3505 1477 3603 angustiarum,
1503 3505 1592 3584 vers.
1611 3541 1615 3547 ·

449 3625 481 3678 r.
507 3617 773 3689 memoratum,
813 3617 915 3676 tanto
938 3605 1108 3696 temporis
1128 3605 1239 3698 spatio
1261 3607 1492 3696 duraturum
1531 3625 1593 3700 por

450 3722 542 3792 1²90
564 3699 623 3769 vel
649 3719 739 3791 1335
763 3721 876 3776 aanor.
939 3731 973 3795 p.
998 3703 1186 3778 Periodum
1210 3726 1281 3798 430
1303 3726 1498 3790 annorum,
1524 3705 1597 3796 qui·

383 3881 389 3896 Ι
447 3798 512 3871 bus
534 3794 639 3872 status
660 3795 836 3872 servitutis
857 3799 892 3876 &
910 3797 1116 3878 adflidionis
1129 3799 1335 3897 Judaeorum
1352 3801 1495 3878 duraret
1508 3799 1596 3973 ,dle

1442 3921 1513 3979 cun
1539 3918 1593 3980 um

484 4013 600 4088 less.
620 4032 670 4080 vr.
687 3992 708 4093 ις
730 4033 778 4095 27,
800 4017 853 4088 tre.
