3502 4758
350 359 408 420 ii>
457 341 830 429 varicinin
878 349 1219 438 onniuiis.
1329 371 1378 461 εγ

201 532 420 618 difficultate.
471 535 516 612 Ei
537 542 633 618 enim
657 543 751 621 haud
775 567 900 644 parum
924 547 1026 624 obest
1048 571 1094 644 70
1109 573 1287 630 annorum
1303 557 1379 628 eiri-

202 637 310 726 lium,
335 637 432 728 quod
455 659 567 734 regno
590 640 870 737 Babyloniorum
892 646 1087 746 adligatur,
1112 667 1189 726 tuni
1204 652 1375 746 Jer..xirv:
1463 683 1465 688 ’

204 757 266 824 11,
294 755 348 847 12.
367 750 453 847 ‘tum
465 733 558 811 Dari.
574 761 624 816 iii:
644 762 676 818 r.
696 743 759 818 ubi
775 744 906 820 Daniel
924 767 1019 820 anno
1039 767 1120 822 imo
1134 748 1237 823 Darii
1253 771 1300 844 70
1315 773 1375 826 an·

201 855 271 913 nos
295 833 391 945 eiiln
412 855 526 929 prope
547 859 568 910 a
591 835 665 914 fine
679 839 742 916 suo
756 841 871 918 abeffe
888 843 1039 918 innuere
1056 843 1212 922 videtur.
1264 845 1375 946 Quod

202 951 274 1026 qua
302 946 465 1023 ratione,
501 932 595 1011 salva
628 938 748 1022 nostra
773 941 945 1037 opinione
975 941 1019 1015 de
1045 939 1240 1019 Nahonarlr'o
1260 943 1376 1020 Dario

200 1030 340 1124 Medo,
366 1053 496 1106 verum
513 1031 575 1126 fit,
601 1035 809 1131 difficulter,
835 1054 876 1114 ut
895 1039 1061 1128 videtur,
1085 1043 1269 1131 cernitur3
1291 1043 1376 1136 quia

203 1131 249 1207 ab
264 1132 369 1205 initio
386 1130 501 1220 exilii,
526 1156 622 1208 anno
641 1137 772 1210 riiti'o
784 1137 967 1230 loiakimi‚
990 1137 1036 1210 ad
1053 1137 1194 1212 initium
1211 1137 1379 1212 Narbona·

58 1221 68 1242 '
204 1227 258 1302 dii
280 1248 390 1320 tuque
412 1249 488 1298 nori
508 1229 571 1300 nisi
593 1249 638 1317 52
662 1231 747 1304 anni
762 1229 998 1319 effluxerunt;
1024 1245 1125 1304 uteri
1142 1235 1241 1306 annis
1256 1253 1385 1329 regum·

208 1311 492 1418 Babyloniorum
513 1323 549 1394 in
566 1321 714 1400 Canone
728 1325 834 1400 facile
855 1327 1048 1423 colligitur.

261 1424 294 1512 §.
312 1417 423 1493 XLll.
450 1415 670 1513 Difficultas,
707 1445 810 1515 quani
834 1424 934 1498 locus
950 1421 1024 1516 Jer.
1046 1443 1126 1498 xxv:
1147 1443 1204 1512 rr,
1225 1445 1281 1500 ia.
1297 1449 1385 1520 prae·

209 1519 295 1610 bet,
322 1533 363 1592 ut
389 1516 432 1590 ab
457 1537 522 1606 ca,
561 1531 638 1611 quae
663 1517 840 1613 praecipua
856 1516 928 1608 est,
953 1516 1142 1611 incipiam,
1168 1541 1243 1592 non
1259 1526 1382 1598 tamin

208 1639 256 1694 eo
280 1615 344 1690 sita
366 1611 436 1700 est,
472 1615 569 1706 quod
588 1614 735 1708 populi,
762 1613 1108 1689 aNebucadnezare
1128 1612 1277 1707 subrui,
1300 1621 1379 1716 regi

208 1711 387 1810 Babylonis
408 1707 572 1800 servituri
594 1709 759 1784 dicantur
782 1733 827 1804 70
850 1733 972 1802 annos,
999 1713 1057 1786 cui
1072 1712 1176 1806 supra
1189 1717 1221 1802 §.
1246 1738 1382 1790 xxviii.

207 1813 283 1908 jam
299 1809 461 1897 occurri,
486 1829 591 1902 quam
612 1807 711 1902 quod
732 1809 853 1901 Deus,
888 1808 924 1884 se
946 1832 1054 1905 regem
1069 1809 1223 1901 Baleli'r,
1250 1811 1293 1897 ὃ
1306 1837 1385 1908 gen·

212 1925 277 1988 rem
301 1931 370 1982 eam
391 1903 627 2000 uifttuturum,
655 1904 812 1998 adserat,
837 1929 900 1983 niu
913 1911 1130 1995 opinabor
1145 1931 1242 2004 quum
1258 1915 1394 2006 impleti

205 2004 345 2103 fuerint
370 2025 417 2099 70
431 2009 532 2080 anni:
559 2003 655 2098 quod
670 2003 706 2079 in
724 2003 934 2100 hypothesin
952 2003 1106 2081 nostram
1121 2003 1252 2080 diresle
1269 2007 1386 2082 incur-

214 2107 272 2182 rit.
322 2101 414 2191 Sed,
444 2100 540 2196 quod
563 2118 646 2178 ante
671 2103 790 2179 omnia
812 2101 994 2180 observari
1016 2103 1148 2195 velim,
1173 2127 1248 2180 nori
1267 2103 1387 2180 nostra

214 2194 350 2290 solum,
377 2221 506 2274 verum
531 2197 565 2270 ἃ
588 2201 733 2297 vulgata
756 2202 903 2295 opinio,
935 2223 1013 2295 quae
1041 2201 1181 2276 initium
1204 2225 1251 2296 70
1273 2225 1384 2277 anno·

216 2321 299 2374 rum
321 2299 360 2368 in
382 2310 447 2383 4to
471 2293 636 2386 Jojakimi
659 2295 785 2388 ponit,
817 2298 943 2370 eadem
965 2300 1138 2390 premitur
1159 2297 1388 2384 difficultate3

220 2393 303 2487 quia
324 2410 475 2486 regnum
498 2385 755 2480 Babylonicum
773 2392 844 2482 iam
859 2408 945 2465 ante
961 2391 1197 2483 exspiraverat
1211 2414 1314 2484 quani
1328 2414 1388 2465 an·

221 2509 354 2568 norum
380 2483 468 2558 illud
492 2481 639 2579 spatium
662 2485 818 2577 effluxit,
850 2486 1005 2562 &inter
1029 2508 1178 2586 regnum
1202 2487 1389 2580 Babyloni-

220 2609 303 2662 cum
330 2580 537 2656 exstinctum
565 2605 606 2656 ac
629 2581 712 2676 Cyri
735 2607 866 2660 annum
890 2585 1068 2678 primum,
1103 2605 1174 2676 quo
1197 2583 1312 2668 soluta
1338 2584 1390 2660 cst

218 2681 426 2778 captivitas,
441 2701 591 2850 rcffinum
604 2679 706 2755 Darii
714 2679 816 2754 Medi
829 2679 1057 2756 intercellilsc
1070 2678 1250 2770 statuatur.
1269 2681 1388 2780 Quam

217 2785 266 2858 ob
285 2775 421 2855 causam
437 2777 475 2851 in
517 2799 562 2852 oc
581 2779 668 2853 loco
680 2779 915 2873 explicando,
941 2780 976 2852 δι
995 2801 1076 2852 cum
1089 2801 1133 2852 ea
1150 2780 1335 2874 hypothesi
1348 2783 1388 2854 in

217 2877 447 2962 concordiam
476 2875 695 2973 redigend0‚
728 2899 874 2974 operam
902 2875 1019 2971 posuit
1045 2869 1093 2951 D.
1124 2873 1194 2968 Jun
1220 2901 1312 2952 maii·
1340 2877 1385 2950 ad

219 2975 315 3052 Dan.
335 2973 359 3045 l.
382 2993 424 3043 11.
446 2971 536 3043 Seli.
561 2995 590 3048 1.
614 2999 645 3050 c.
668 2995 703 3066 5.
720 2998 756 3071 p.
773 2997 831 3066 51.
850 2975 909 3069 qui
933 2981 1044 3050 oiebai
1064 2901 1280 3048 vertengum
1296 2973 1389 3062 elle,

223 3089 397 3165 antequam
418 3069 544 3160 impleti
555 3065 711 3163 suerint,
747 3072 887 3164 censet,
920 3071 954 3144 ἃ
975 3075 1018 3148 ab
1036 3069 1098 3146 usu
1121 3071 1261 3146 vociilae
1281 3092 1390 3148 anon

224 3167 418 3246 abhorrere
442 3160 671 3236 demonstrat.
725 3167 766 3242 ln
788 3194 861 3263 quo
882 3168 1153 3262 acquievissem
1183 3167 1247 3242 nisi
1267 3167 1390 3242 nostra

225 3257 452 3360 hypothesis,
479 3279 557 3350 quae
571 3257 675 3355 longe
691 3264 798 3350 majus
813 3265 962 3355 spatium
978 3269 1071 3340 inter
1087 3267 1188 3361 regni
1202 3265 1392 3350 Babyloni-

230 3366 264 3439 ci
284 3357 559 3433 destructionem
582 3355 616 3428 δι
639 3352 748 3430 finem
772 3378 818 3450 70
832 3379 1007 3434 annorum
1023 3362 1148 3452 ponit,
1173 3361 1392 3451 peculiarem

230 3473 430 3545 mereretur
455 3451 805 3528 animadversionem.
855 3449 972 3524 Verto
987 3458 1129 3546 itaque,
1154 3455 1248 3524 doner
1263 3457 1396 3547 cample·

230 3572 333 3634 antur
354 3575 400 3647 70
423 3560 521 3640 anns,
556 3549 694 3646 oifiralio
714 3575 820 3649 regem
841 3548 976 3622 Bubalia
995 3548 1060 3623 bic.
1082 3546 1286 3643 sensumque
1307 3572 1395 3626 con-

233 3653 360 3741 stituo,
392 3649 626 3725 visitationem
649 3651 762 3748 regis,
796 3645 877 3724 a'nte
902 3646 1045 3741 quidem
1066 3647 1264 3741 inceptam,
1297 3664 1397 3743 tum,

261 3774 345 3826 uum
367 3745 514 3846 spatium
536 3748 619 3822 illud
641 3745 781 3824 finitum
804 3745 933 3837 fuerit,
973 3744 1283 3824 consummandam
1301 3747 1400 3842 elle,

236 3772 479 3948 inperfectam
494 3845 587 3922 fore.
617 3845 791 3950 ¹Visitatio
808 3865 890 3924 ante
905 3845 1051 3942 qiiidcm
1062 3845 1201 3952 initium
1216 3843 1405 4018 sumere&
