3428 4742
407 309 481 403 ⁶70
575 287 1407 376 conuturasrus

414 501 484 556 nec
505 501 578 554 non
603 477 655 555 Ps.
672 499 801 553 xxxvn:
819 500 854 571 3.
879 475 944 551 ubi
958 471 1021 548 Gr.
1038 470 1158 547 andro
1172 471 1336 550 reddidit.
1363 473 1444 550 Vid.
1462 475 1570 552 etiam

417 579 524 654 Prou.
546 599 581 652 x:
606 598 638 650 2.
666 580 701 653 ds
721 577 768 650 ibi
785 575 919 648 Schult.
934 593 1002 646 nec
1019 594 1092 644 non
1105 573 1153 644 ib.
1172 571 1262 648 vers.
1282 591 1338 663 15.
1389 572 1469 645 Nec
1483 575 1570 648 mul·

417 692 494 752 tum
515 677 588 748 abit
608 679 699 771 q'rmp
720 673 839 770 ulieg.
863 693 946 744 xsu:
966 692 1045 763 31„
1073 691 1179 762 quem
1196 671 1335 746 Plutum
1351 670 1421 744 esse
1436 668 1503 763 jam
1520 671 1571 744 vi·

415 774 467 848 dit
490 770 627 848 Vollius
651 793 680 846 a.
745 772 907 846 Denotat
928 773 1024 844 enim
1046 790 1151 864 regem
1171 773 1379 866 opulentum,
1411 772 1446 844 dr
1461 771 1569 846 divite

420 894 511 946 vena
538 873 686 944 aliorum
708 869 882 942 defrueriis
909 868 1185 942 succurrentem.
1239 869 1357 965 Quam
1375 870 1447 950 vim
1464 868 1567 946 habet

417 999 473 1055 rur
492 1020 505 1060 ,
531 969 674 1064 proprie
682 965 811 1062 fluxit,
836 966 917 1040 inde
932 965 1091 1062 respondis
1107 965 1142 1038 dc
1157 963 1336 1042 succurrit
1395 965 1490 1042 Deus
1504 989 1568 1040 mu·

415 1072 600 1158 ditionum,
617 1063 676 1140 seu
695 1063 936 1163 perfugiorum
948 1115 960 1151 ,
971 1069 1094 1157 ltaque
1110 1064 1305 1158 adpellatur
1317 1064 1460 1155 Plutus,
1477 1065 1568 1158 quod

415 1166 575 1240 cultores
591 1164 724 1255 eiusad
740 1165 871 1238 eumin
887 1163 1066 1258 quibusvis
1078 1161 1232 1251 casibus,
1263 1178 1426 1258 tunquam
1442 1163 1486 1238 ad
1500 1164 1568 1256 asy-

418 1265 492 1338 lum
516 1264 550 1337 ds
571 1283 806 1336 averruncum
823 1261 964 1349 Deum,
990 1281 1031 1333 ac
1046 1257 1316 1352 sospitatorem,
1343 1261 1567 1360 confugere,

416 1363 522 1454 eique
546 1357 654 1432 sidere
678 1357 834 1449 soleant,
872 1361 951 1432 loco
973 1357 1049 1432 veri
1071 1357 1168 1447 Dei,
1207 1360 1307 1452 cuius
1326 1359 1398 1436 hoc
1418 1360 1470 1434 est
1490 1381 1567 1454 pro·

417 1457 534 1554 prium
558 1457 768 1550 epitheton,
800 1473 842 1532 ut
856 1455 897 1530 lit
910 1455 1004 1529 Deus
1018 1460 1155 1532 maium.
1171 1453 1335 1550 Posterior
1350 1457 1466 1536 sensus
1484 1457 1567 1533 licut

417 1553 664 1630 consuetudini
678 1555 919 1650 populorum,
943 1552 1122 1633 thesauros
1139 1554 1174 1630 δι
1193 1558 1311 1631 aeraria
1324 1557 1467 1652 publica
1483 1556 1568 1634 locis

415 1653 560 1728 munitis
582 1650 732 1728 &sacris
746 1651 927 1727 includere
940 1651 1149 1742 solitorum,
1173 1650 1269 1727 reste
1283 1654 1498 1749 respondet,
1523 1657 1570 1732 ita

416 1770 462 1824 ex
482 1749 546 1824 usu
569 1752 671 1826 vocis
693 1751 730 1825 in
748 1752 817 1826 hoc
832 1749 908 1845 ipso
923 1772 1001 1844 cap.
1017 1772 1085 1844 pro
1100 1750 1236 1824 arcibus
1251 1751 1462 1848 thesaurariis
1479 1757 1570 1832 haud

416 1847 499 1921 leve
522 1849 660 1943 pondus
681 1848 847 1942 acquirit:
872 1847 918 1922 de
941 1871 1013 1942 quo
1028 1847 1129 1941 supra
1145 1846 1253 1924 isatis
1271 1851 1339 1947 egi.
1389 1852 1447 1926 De
1462 1853 1568 1930 Vete-
1622 1932 1625 1936 ,

418 1967 498 2021 rum
518 1967 643 2034 more,
670 1945 852 2020 thesauros
872 1948 910 2021 in
933 1947 1020 2020 locis
1043 1947 1189 2022 munitis
1211 1948 1369 2028 acsacris
1385 1951 1569 2031 adservan-

415 2041 472 2132 di,
488 2065 544 2118 res
558 2059 645 2120 nota
659 2041 731 2136 est,
743 2043 781 2117 dr
795 2065 815 2117 a
831 2043 976 2133 Dotiis,
992 2061 1033 2118 ut
1046 2044 1251 2121 Alexandro
1260 2048 1303 2120 ab
1314 2047 1516 2125 Alexandro
1531 2069 1568 2143 ο,

412 2142 582 2234 aliisque,
607 2144 725 2216 multis
739 2139 948 2218 testimoniis
963 2145 1204 2236 comprobata.
1245 2144 1363 2222 Posset
1376 2150 1482 2224 etiam
1498 2173 1569 2225 vox

416 2267 478 2326 nno
492 2238 660 2333 peculiari
684 2240 749 2318 suo
773 2239 856 2332 usu,
880 2263 952 2337 quo
963 2241 1131 2334 quicquid
1144 2264 1257 2316 rarum
1272 2242 1307 2317 dc
1317 2244 1495 2340 pretiosum
1517 2247 1569 2326 est
1671 2313 1676 2331 .

415 2339 548 2437 signat,
570 2338 667 2414 unde
681 2369 712 2427 rr
730 2351 796 2434 pto
809 2343 916 2436 gloria
930 2339 1036 2413 etiam
1052 2339 1089 2414 in
1103 2340 1228 2434 Script.
1244 2341 1301 2429 S.,
1327 2343 1371 2416 ad
1387 2343 1568 2427 thesauros

414 2434 657 2514 munitiffimos
673 2437 871 2512 &illibatos
887 2436 1089 2527 transferri,
1114 2435 1296 2534 ipsumque
1312 2439 1490 2520 Persicum
1506 2444 1571 2518 Ga.

415 2556 460 2608 za
477 2557 546 2631 pro
566 2533 731 2610 thesauro
753 2529 933 2624 conferri,
965 2535 1018 2609 uti
1036 2535 1073 2610 in
1088 2537 1202 2609 verbo
1223 2563 1298 2638 pon,
1323 2539 1419 2628 quod
1426 2539 1570 2639 firmiffl·

412 2655 504 2708 mum
519 2633 553 2706 dr
568 2631 725 2706 intuitum
739 2633 876 2727 primo,
901 2630 1034 2707 &dein
1048 2630 1233 2726 thesaurum
1248 2632 1439 2712 firmissimo
1454 2642 1570 2716 muni-

413 2745 540 2806 mento
560 2729 756 2816 inclusum,
786 2750 1003 2820 omnemque
1024 2727 1269 2822 possessionem
1291 2732 1486 2813 durabilem
1509 2739 1570 2814 de-

412 2839 535 2902 notat:
560 2823 612 2896 uti
628 2821 682 2895 Cl.
698 2823 915 2902 Schultensu
929 2825 1141 2910 observavit.

461 2926 494 3012 §.
510 2915 701 2992 CXCVlll.
726 2919 834 2995 Hunc
848 2923 968 2998 Deum
982 2923 1137 3015 arcium,
1163 2924 1225 3003 seu
1241 2928 1381 3007 Plutum
1392 2951 1468 3008 non
1486 2931 1566 3014 fim-

412 3016 556 3114 pliciter
568 3035 799 3114 agnosceret,
817 3021 1060 3096 &honoraret
1074 3037 1240 3118 tanquam
1256 3028 1375 3106 Deum
1388 3031 1566 3129 aliquem,

412 3115 473 3191 sed
500 3113 622 3190 Deum
642 3117 860 3210 tutelarem,
900 3118 1079 3196 &domus
1101 3120 1169 3196 suae
1193 3126 1372 3218 praelidem
1395 3131 1563 3224 unicum,

408 3216 471 3290 cui
492 3212 527 3289 se
552 3209 765 3310 stirpemque
793 3215 886 3292 suam
914 3218 1158 3296 committeret
1187 3221 1222 3298 dr
1247 3226 1497 3318 consecraret,
1529 3231 1563 3306 dt

410 3329 551 3389 tantum
566 3309 702 3386 fideret.
751 3313 861 3389 Foret
881 3317 999 3408 itaque
1017 3315 1137 3394 Plutus
1161 3318 1273 3416 stirpis
1291 3324 1367 3418 ejus
1383 3325 1563 3420 uorsus,

408 3425 586 3510 patrunus,
614 3409 760 3494 imsulsus
781 3413 852 3486 dux
873 3412 1068 3506 &praeses,
1094 3421 1291 3517 αἰςχηγέτης,
1316 3423 1493 3518 &solere
1508 3427 1562 3500 ad·

403 3508 534 3602 statu,
560 3505 725 3608 raseris&
744 3532 866 3601 comer,
899 3509 1076 3604 &rustum
1108 3517 1141 3590 ἂ
1162 3539 1238 3610 quae
1252 3519 1319 3595 alia
1335 3509 1414 3598 sunt
1427 3525 1560 3618 epithe·

410 3620 466 3712 ta,
492 3607 618 3706 quibus
638 3605 687 3679 dii
707 3628 920 3706 regnorum,
953 3611 1168 3710 regionum,
1192 3613 1425 3710 familiarum,
1451 3622 1562 3696 homi·

1406 3738 1560 3818 numqua

421 3849 603 3912 emoti.
628 3867 715 3912 rrc.
739 3825 793 3927 ss
864 3815 971 3918 iibid.
1088 3856 1335 3928 «deusest
1359 3879 1502 3938 ruer.

444 3927 627 3991 deditos.
648 3945 698 3992 xv:
718 3934 748 3991 ⁶.
