3418 4754
416 449 485 504 en
557 428 594 504 D
644 431 677 510 A
726 421 792 508 Νζ·
852 449 914 510 κ’ῐε
963 453 1057 527 7··9.v
1220 438 1305 522 4i5

138 623 207 696 que
236 599 327 699 regis
358 598 508 691 facere,
546 621 587 676 ac
616 600 743 676 foedus
765 599 901 696 pailum
928 597 1067 676 firmare
1094 600 1291 679 denotabit.

101 733 103 738 ’
138 725 171 776 e.
199 700 365 774 Commoda
379 700 569 793 utriusque
594 703 693 797 regni
718 700 751 772 &
772 700 1040 798 prosperitatem
1056 722 1296 794 promovere,

136 799 345 896 planamque
370 819 411 870 ac
434 797 577 873 facilem
597 795 877 889 sternereviam,
903 800 996 872 inter
1014 813 1203 892 utrumque
1218 819 1295 894 reg·

137 919 243 983 narn,
283 897 380 968 omni
403 895 577 970 discordia
602 917 643 968 ac
671 896 854 990 asperitate
881 895 1040 984 sublata,
1078 893 1295 993 significabit.

138 1018 171 1091 3.
197 993 363 1084 Denique
386 990 553 1066 indireile
574 991 865 1084 opulentiffimam
885 994 1088 1080 fortunam,
1122 1016 1224 1085 quarn
1247 993 1297 1066 se·

138 1089 401 1182 cumadferret
424 1088 566 1183 sponsa,
590 1087 855 1182 splendidillime
879 1091 1011 1177 dareta,
1039 1112 1118 1163 curn
1134 1092 1297 1164 admittat

137 1191 218 1266 usus
237 1187 338 1260 vocis
359 1207 510 1274 ennean,
537 1202 579 1262 ut
599 1185 709 1260 modo
724 1187 869 1272 notavi3
894 1208 962 1258 nec
983 1188 1128 1280 ‘respuat
1143 1190 1298 1262 verbum

139 1310 226 1374 nep,
264 1281 360 1376 quod
390 1287 576 1377 acquirere,
605 1279 908 1374 lucrari,'adferr·e
927 1305 1066 1376 quoque
1089 1283 1216 1380 signat,
1246 1283 1300 1358 uti

140 1403 268 1458 notum
291 1378 371 1470 est,
393 1379 480 1453 nihil
500 1379 650 1476 impedit
672 1380 859 1474 quominus
883 1381 929 1454 ei.
942 1381 998 1452 hic
1017 1384 1138 1454 locum
1155 1381 1300 1471 demus3

141 1485 217 1556 imo
248 1478 355 1574 exigit
385 1475 463 1550 sere
490 1477 668 1574 fingularls
691 1478 908 1569 dos,·quam
930 1479 1005 1552 haec
1028 1478 1099 1552 filia
1121 1477 1241 1552 Austri
1263 1478 1301 1553 in

142 1581 288 1653 domum
310 1573 421 1668 sponsi
437 1574 487 1648 sui
501 1575 635 1649 intulit.
684 1573 836 1652 Deduxit
856 1575 952 1650 enim
972 1600 1041 1649 eam
1057 1575 1301 1670 Philadelphus

140 1697 240 1770 usque
269 1669 462 1766 Pelustum,
497 1677 607 1747 verba
627 1671 707 1746 sunt
733 1672 967 1764 Hieronymi,
1002 1672 1045 1757 ὃ
1069 1671 1205 1766 infinita
1224 1677 1303 1746 auri

140 1772 187 1858 ὃ
211 1775 343 1866 argenti
364 1773 471 1842 millia
490 1771 574 1842 datis
598 1775 724 1844 uamiue
747 1771 843 1841 dedit.
911 1767 1003 1843 Unde
1027 1769 1242 1869 aspanorum,
1267 1771 1304 1844 id

140 1868 185 1965 efi
207 1870 323 1941 dotalis
336 1867 519 1962 adpellatur
534 1863 590 1960 est.
625 1865 731 1940 Verti
747 1867 816 1941 hoc
830 1864 930 1940 sensu
947 1865 1063 1961 aptius
1080 1867 1217 1962 posset,
1243 1890 1308 1941 oe*

139 1979 209 2044 uret
229 1961 308 2058 filia
413 1961 570 2056 facienda
593 1967 798 2058 opulentias,
823 1985 882 2036 eas
903 1964 1120 2055 adferendo,
1146 1966 1237 2039 &ea
1251 1988 1303 2039 ra-

139 2067 243 2140 tione
268 2063 559 2138 benevolentiam
581 2085 621 2136 ac
637 2059 828 2138 amicitiam
845 2081 969 2159 regum
985 2064 1093 2162 magis
1111 2064 1304 2140 concilian-

141 2163 193 2238 do
208 2183 250 2236 ac
265 2156 450 2234 firmando.

192 2263 225 2350 §.
244 2253 305 2330 lX.
332 2255 492 2330 Eventus
517 2270 656 2330 tanturn
671 2254 767 2329 abest
785 2272 826 2331 ut
840 2256 921 2329 huic
936 2256 1045 2352 scopo
1060 2257 1303 2352 responderit,

142 2372 186 2432 ut
212 2352 387 2427 continua
420 2352 515 2426 inter
542 2354 616 2426 duo
640 2373 749 2448 regna
775 2355 954 2445 pepererit
974 2354 1088 2440 bella,
1121 2357 1304 2448 multaque

92 2535 93 2538 Ἴ
141 2454 248 2533 mala.
298 2447 408 2548 Quod
428 2450 480 2523 his
503 2450 621 2523 verbis
642 2451 922 2543 praenunciatur,
938 2450 1074 2545 sednon
1084 2450 1229 2550 stringet
1243 2456 1306 2526 illa

28 2577 29 2582 ’
143 2557 215 2628 vim
236 2552 380 2636 brachii,
404 2571 462 2621 uer
483 2543 627 2642 caufistet
647 2545 732 2644 ipse,
766 2549 893 2645 ejusque
916 2552 1102 2622 brachium:
1137 2549 1180 2634 ἐφ’
1200 2551 1307 2623 trade·
1337 2542 1343 2550 ’

143 2665 204 2724 tur
226 2643 315 2742 ipsa,
341 2643 385 2728 δ’
407 2650 536 2719 comites
559 2645 647 2734 eius,
675 2642 719 2729 (θ’
734 2659 833 2718 uatus
848 2647 936 2742 ejus,
963 2645 1006 2730 ἃ
1021 2649 1103 2744 quad
1119 2646 1220 2744 ipsam
1238 2663 1306 2721 tue-

144 2750 245 2822 batur
267 2745 471 2839 temp'arilus.
520 2741 614 2842 Quae
642 2765 672 2816 a.
689 2744 886 2834 rationem,
921 2744 1213 2840 quaresuccellus
1230 2765 1307 2819 non

142 2843 256 2922 fuerit
277 2841 618 2938 conjugiioptatus,
644 2840 824 2935 pandunt,
849 2843 885 2916 in
908 2864 953 2915 eo
976 2842 1093 2934 litam,
1119 2844 1215 2939 quod
1237 2861 1311 2919 nec

143 2941 219 3037 ipsa
240 2937 310 3012 filia
332 2937 473 3026 Austri,
498 2960 566 3012 nec
586 2936 659 3032 ipsc
679 2959 740 3012 rex
762 2941 949 3040 Aquilonis
969 2942 1040 3016 vim
1057 2945 1236 3036 roburque
1251 2962 1307 3013 re·

144 3038 305 3115 tinuerit.
357 3035 415 3108 De
440 3039 502 3108 illa
516 3037 670 3127 dicitur,
693 3060 756 3111 uau
773 3034 910 3134 liriuget
927 3043 1157 3127 cimbraclii,
1182 3036 1307 3127 idest,

144 3131 326 3234 potestate
362 3133 621 3225 autoritateque
660 3134 743 3224 quid
771 3135 953 3228 praestandi
981 3136 1023 3210 ad
1052 3136 1177 3212 ilatum
1208 3135 1309 3212 sunm

146 3230 346 3315 tuendum,
372 3226 559 3320 &panum
574 3227 805 3316 firmandum,
826 3235 1129 3328 complanationes
1146 3233 1309 3324 &equa-

147 3334 267 3407 tiones
291 3327 365 3400 illas
387 3325 612 3414 efficiendas,
651 3326 861 3419 privabitur.
913 3326 1034 3402 Verba
1060 3329 1248 3416 manifeste¹
1266 3328 1311 3406 ad
1434 3323 1437 3328 ’

146 3425 374 3513 Berenicen,
411 3423 517 3499 saliam
538 3421 680 3512 Austri,
704 3425 889 3499 Antiocho
906 3427 977 3516 jam
998 3443 1167 3521 nuptam,
1201 3426 1319 3520 perti-⁰

148 3539 271 3610 nent,
313 3536 355 3596 ut
379 3543 422 3595 ex
445 3544 526 3618 gen.
551 3521 721 3610 femin,
760 3544 832 3614 quo
857 3525 1006 3598 verbum
1029 3550 1108 3608 iren
1130 3523 1310 3611 occurrit,

151 3617 381 3702 manifestum
398 3617 460 3695 est.
477 3617 704 3695 ‘Construunt
719 3617 859 3711 quidem
875 3621 1036 3695 nonnulli
1052 3642 1132 3696 cum
1144 3632 1216 3706 prm
1238 3624 1311 3692 lra-

152 3724 283 3807 chium,
307 3735 544 3812 verruntque,
570 3725 627 3792 uec
657 3719 776 3790 tenebit
801 3727 870 3791 eim
892 3721 1081 3808 brachium,
1115 3717 1194 3805 ied,
1227 3740 1313 3810 prae,

153 3835 317 3912 terquam
341 3816 437 3912 quod
460 3813 631 3892 structura
651 3816 692 3891 srt
712 3817 934 3912 impeditior,
970 3817 1056 3893 illud
1075 3817 1235 3912 inprimis
1250 3819 1313 3891 ob·

101 3923 104 3928 '
154 3914 246 4008 stat,
286 3915 383 4010 quod
409 3918 575 3994 brachium
602 3915 760 3994 absolute
782 3931 958 4016 ponatur,
997 3917 1126 4000 &aon
1150 3917 1315 3993 breellum

1228 4035 1317 4116 eyes,
