3462 4792
421 463 501 546 ψ,
584 363 1444 538 υπεεΕΗΜτῐσΝκΕς.

420 611 455 686 &
477 603 610 682 causam
632 598 756 698 populi
784 592 909 671 addidi
930 589 1072 669 fortiter
1091 613 1195 690 agere
1211 563 1417 686 coepe'runr,
1444 587 1570 681 Deus,

420 707 594 784 scelerum
611 701 761 791 vindex,
788 707 971 789 permotus
993 715 1138 787 quoque
1157 691 1226 765 suit
1248 692 1290 763 ad
1312 692 1442 781 judicia
1459 689 1516 761 sua
1529 691 1571 788 in.

421 825 530 900 regna
552 801 629 886 illa,
655 799 691 869 in
712 793 831 888 primis
846 793 1027 884 Syriacum
1046 790 1080 861 δι
1096 789 1365 885 AEgyptiacum,
1385 805 1568 879 exequen·
1641 829 1646 836 ·

422 902 478 976 da.
566 891 837 969 uemadmodum
861 887 929 981 Jes.
953 907 1176 961 xxrvnxxvn.
1202 889 1403 960 luculenter
1418 886 1570 958 declara-

421 1013 504 1087 tur,
613 992 710 1066 Dan.
730 1010 796 1062 vn.
829 984 891 1060 sub
921 986 1133 1060 emblemate
1155 981 1306 1082 conseffus
1326 983 1498 1076 judicialis
1519 983 1569 1054 vi·

424 1096 477 1168 vis
501 1091 679 1166 coloribus
702 1085 931 1182 depingitur:
972 1083 1109 1176 dequo
1132 1107 1217 1158 mox
1294 1080 1427 1175 Lapide
1451 1081 1572 1171 itaque,

423 1190 655 1267 Maccabaico
678 1187 714 1260 in
731 1185 887 1259 Statuam
904 1179 1070 1274 impulso,
1094 1179 1192 1256 simul
1212 1179 1335 1254 Ventus
1353 1178 1423 1251 suit
1436 1177 1574 1252 suscita-

426 1305 506 1379 tus,
533 1285 652 1374 idest,
677 1301 797 1358 motus
812 1279 900 1354 varii
917 1279 1035 1352 bellici
1054 1301 1074 1352 a
1090 1279 1222 1370 Spiritu
1238 1277 1308 1348 Dei
1324 1277 1473 1350 vindicis
1489 1299 1573 1350 con-

426 1387 525 1462 citati
549 1385 647 1474 furit,
676 1383 803 1477 quibus
827 1397 903 1452 tota
924 1379 1044 1451 Statua
1070 1375 1120 1448 cst
1142 1377 1327 1448 deturbata
1349 1375 1384 1446 dc
1408 1371 1572 1464 dilsrpata.

425 1484 529 1578 Latris
547 1505 657 1568 vero,
685 1475 811 1552 usitato
836 1477 913 1549 satis
939 1474 1107 1568 loquendi
1123 1495 1276 1570 genere,
1295 1468 1573 1568 semffedieitur,

428 1580 524 1676 quod
546 1581 620 1671 ejus
643 1573 799 1668 occafione
820 1575 855 1647 &
880 1569 976 1673 muso
1006 1571 1136 1644 fastum
1159 1571 1221 1644 est.
1281 1569 1371 1739 Q
1394 1569 1575 1644 Gramma·

428 1681 516 1752 tices
532 1674 652 1772 regula
668 1672 746 1746 satis
761 1685 847 1746 nota
863 1719 874 1759 ‚
901 1669 935 1742 dc
952 1671 996 1742 ab
1010 1669 1082 1741 aliis
1097 1668 1265 1742 illustrata
1280 1673 1314 1739 el
1335 1723 1343 1742 .

464 1771 621 1864 .§.x1x.
649 1767 830 1844 Romanos
858 1769 901 1838 ab
920 1763 997 1858 ipsis
1016 1765 1383 1858 quoqueMaccabaeis
1398 1767 1583 1858 aliquam,

427 1872 528 1944 tione
555 1869 622 1942 dici
644 1865 741 1960 polse
763 1864 967 1952 suscitatos,
993 1865 1143 1956 partim,
1177 1865 1273 1956 quod
1294 1886 1443 1962 regnum
1464 1865 1577 1954 Syria·

429 1990 511 2041 cum
533 1964 764 2050 adtriverint,
798 1962 831 2034 δι
851 1961 1040 2050 Romanis,
1076 1961 1112 2032 in
1132 1984 1257 2037 omnes
1278 1960 1480 2036 occasiones
1504 1981 1579 2058 reg·

429 2087 475 2140 na
500 2063 657 2138 Orientis
685 2060 864 2156 subigendi
884 2059 955 2151 jam
979 2057 1049 2132 hoc
1071 2073 1235 2152 tempore
1258 2059 1426 2150 intentis,
1463 2060 1579 2134 ansam

429 2161 647 2259 praebuerint
679 2157 749 2232 sese
772 2158 900 2232 fortius
924 2156 989 2230 illis
1012 2158 1115 2230 rebus
1139 2158 1385 2244 immiscendi,
1427 2157 1585 2252 partim,

430 2259 526 2355 quod
541 2255 695 2340 amicitia
716 2256 942 2332 &Societate
958 2275 1039 2330 cum
1056 2253 1223 2330 Romanis
1240 2255 1345 2341 inita,
1370 2255 1420 2326 illi
1443 2276 1582 2348 permo·

429 2360 459 2433 ti
474 2357 635 2448 fuerint,
662 2355 706 2429 ad
729 2353 857 2448 Judaeis
879 2353 997 2428 multis
1022 2352 1137 2427 modis
1160 2351 1457 2443 succurrendum,
1482 2350 1584 2426 inde·

320 2487 325 2496 ·
431 2477 500 2548 que
516 2455 632 2532 ansam
647 2453 865 2546 adripuerint
881 2473 1028 2549 rognum
1042 2450 1250 2542 Syriacum,
1276 2451 1408 2524 &cum
1432 2471 1478 2522 eo
1495 2451 1581 2539 alia,

430 2553 644 2637 invadendi,
671 2549 791 2626 nescio
814 2572 857 2624 an
881 2550 989 2622 modo
1015 2548 1112 2622 distis
1139 2547 1268 2620 addere
1292 2548 1408 2621 liceat.
1458 2547 1582 2622 Docet

430 2653 554 2742 utique
581 2647 742 2734 historia,
774 2645 899 2740 Judam
926 2646 1188 2736 Maccabaeum,
1222 2644 1363 2719 solenni.
1378 2641 1474 2718 milla
1490 2646 1584 2742 lega·

337 2813 339 2818 ,
432 2748 559 2836 tione,
585 2749 766 2817 amicitiam
787 2743 821 2815 δι
835 2741 1021 2842 societatem
1048 2745 1293 2818 Romanorum
1309 2741 1518 2836 quaestvilse,
1546 2743 1582 2816 dc
1634 2747 1636 2753 '

432 2843 664 2917 consecutum
686 2838 776 2928 else,
802 2839 922 2950 legatis
943 2861 1017 2916 non
1040 2840 1386 2915 tantumhonorilice
1403 2841 1581 2932 exceptis,

431 2938 492 3013 sed
513 2936 724 3014 &Hasrdaeis
750 2939 808 3009 vel
831 2959 867 3010 rn
892 2933 1041 3030 publicis
1063 2939 1322 3029 monumentis,
1339 2939 1482 3015 nomine
1498 2941 1581 3008 anri·

433 3058 542 3110 corum
562 3035 597 3109 &
621 3033 785 3108 Sociorum
804 3033 1006 3125 honoratis,
1046 3039 1203 3112 1Mac'c.
1230 3059 1335 3112 vm:
1366 3059 1420 3130 η.
1471 3033 1582 3135 Quod

433 3135 635 3230 exemplum
671 3131 783 3208 secuti
809 3131 1029 3207 soccessores
1056 3133 1155 3228 Judae
1185 3135 1333 3211 eandem
1364 3135 1584 3210 Societatem·

434 3231 572 3327 semper
600 3245 848 3320 renovarunt,
888 3229 921 3303 dt
955 3229 1237 3322 confirmarunt,
1275 3251 1315 3308 ut
1345 3232 1388 3306 de
1416 3231 1584 3331 Jouatho·

436 3354 476 3405 ne
527 3352 542 3403 1
574 3329 689 3404 Maec.
719 3349 772 3401 xn
801 3328 833 3403 δι
860 3329 1003 3404 Simone
1031 3329 1260 3419 Etlmarcha,
1306 3354 1321 3405 1
1354 3329 1474 3406 Mace.
1506 3351 1582 3404 xrv.

435 3428 599 3503 traditur.
625 3517 627 3529 Ι
651 3426 787 3502 Verum
810 3427 951 3520 quidem
975 3425 1046 3515 est,
1079 3429 1122 3501 de
1148 3427 1392 3502 Romanorum
1408 3424 1587 3518 subsidio,

437 3547 508 3620 quo
536 3525 728 3600 Maccabaei
748 3525 855 3622 gavisi
878 3525 963 3613 lint,
1003 3548 1069 3602 nos
1095 3525 1181 3599 nibil
1208 3527 1243 3600 in
1268 3525 1420 3600 Historia
1440 3526 1587 3623 legere,

436 3642 562 3698 contra
590 3619 774 3699 adfirmare
801 3623 1058 3717 Jonatbanem,
1091 3624 1128 3696 in
1155 3623 1303 3716 epistola
1331 3624 1373 3696 ad
1393 3625 1610 3718 Spartiatae,

438 3741 455 3793 1
483 3721 598 3796 Maec.
621 3743 705 3810 rut,
739 3721 979 3806 Maccabeos,
1013 3721 1140 3793 auxilio
1163 3721 1232 3792 Dei
1259 3720 1392 3808 fretos,
1433 3719 1583 3796 noluisse

435 3823 548 3890 amitis
573 3818 608 3892 δι
630 3817 734 3892 Sociis
757 3820 791 3892 in
816 3821 913 3892 bellis
933 3817 1002 3892 istis
1018 3815 1157 3909 molesios
1173 3817 1275 3893 esser
1294 3835 1471 3906 attamen,
1498 3821 1583 3913 quin

436 3913 590 3993 Romani
612 3937 652 3991 ea
673 3937 813 4012 quoque
828 3917 1012 3996 occasione
1030 3913 1078 3994 usl
1092 3916 1228 3996 suerint
1244 3917 1285 3992 ad
1300 3919 1407 4012 Syros
1422 3917 1584 4088 subigen-

1526 4037 1585 4106 os,
