3456 4784
343 420 485 524 ‘ms
584 419 1405 507 COMMENTARIUS

467 621 496 706 ᾗ.
523 613 686 687 XXXIV.
715 614 863 687 induciis
886 609 1014 696 finitis,
1047 609 1080 682 u
1102 557 1359 703 disceptatione
1374 591 1510 704 dejure
1525 613 1563 690 in

420 713 641 804 Cteieiyriam
658 713 692 785 dt
707 712 914 784 Phreniciam
931 709 1023 780 inter
1040 729 1139 802 reges
1156 709 1260 798 Syriae
1277 709 1473 804 &Aegypti
1490 711 1563 782 tine

420 811 573 881 succedo
597 810 801 894 terminata,
838 827 990 892 nouam,
1025 825 1173 894 eamque
1200 826 1279 878 curn
1301 803 1431 876 efferto
1445 803 1562 898 secum

419 910 510 991 datu,
536 905 707 1001 adgreii'us
730 904 779 976 est
805 903 1087 994 expeditionem,
1115 922 1222 992 usque
1249 901 1290 972 ad
1309 903 1565 993 praeliumeum

420 1003 611 1074 Ptolemaeo
638 1002 680 1073 ad
705 1001 900 1093 Raphiam,
938 999 1031 1072 inter
1052 997 1182 1070 Gazam
1206 997 1239 1068 tt
1262 997 1569 1088 Rhinocoluram,

418 1097 642 1174 feiiciffimam
662 1099 874 1183 dntioehus3
901 1117 988 1187 qua,
1014 1093 1166 1167 Nicoiao
1181 1095 1312 1166 Aetolo
1326 1093 1469 1168 strenuo
1484 1097 1566 1170 Pto·

419 1199 531 1270 lemtei
554 1196 643 1267 duce
666 1195 708 1266 ad
725 1195 870 1267 fluvium
887 1193 1098 1284 ''i“amyram,
1125 1194 1218 1264 inter
1234 1191 1401 1282 Berytum
1418 1195 1452 1264 δι
1465 1194 1563 1266 Sido·

418 1317 520 1382 neni,
547 1281 757 1400 profligato,
790 1291 966 1362 Galiheam
987 1289 1063 1360 fere
1086 1306 1198 1362 totam
1223 1288 1257 1360 dc
1278 1287 1429 1362 Peraeam
1451 1292 1564 1381 {ubiu-

417 1393 534 1486 gauit,
562 1389 747 1462 &Gazam
772 1410 880 1482 usque
906 1387 1074 1482 perrupit.
1126 1384 1241 1483 Quam
1263 1383 1444 1460 historiam
1464 1409 1566 1460 actu·

421 1507 494 1561 rate
515 1488 637 1559 retulit
661 1488 825 1578 Polybius
847 1507 883 1572 a,
909 1483 1028 1557 noster
1049 1485 1222 1576 propheta
1244 1483 1296 1556 his
1312 1485 1431 1574 paucis
1447 1486 1563 1558 verbis

418 1585 697 1679 prenunciavit,
723 1581 766 1665 ἐξ
785 1585 903 1654 redibit
926 1579 968 1662 ἐξ
979 1579 1042 1675 sese
1058 1585 1220 1666 miscebit,
1246 1583 1398 1674 usquead
1413 1589 1564 1656 munitis·

412 1681 530 1776 finitam
557 1685 671 1754 iocum.
737 1678 827 1775 Quae
848 1677 986 1751 concisa
1014 1675 1085 1764 est,
1118 1677 1330 1769 &elliptica
1349 1681 1485 1768 oratio,
1520 1701 1565 1755 ert

419 1777 642 1870 precedente
667 1781 828 1850 membro
850 1774 953 1846 facile
979 1774 1180 1866 supplenda.
1232 1773 1293 1846 Est
1308 1775 1419 1865 itaque
1437 1778 1563 1868 plena,

420 1875 595 1955 &iterum
607 1872 646 1966 se
661 1876 824 1957 miscebit,
852 1893 893 1944 ac
911 1873 1082 1943 tuutzdabtt
1101 1873 1133 1944 u
1157 1869 1307 1964 traufibit
1329 1893 1424 1966 usquc
1438 1875 1478 1944 ad
1491 1896 1563 1946 mu·

291 1959 315 1983 ⁶
419 1968 604 2064 uitifflmum
626 1973 739 2042 locatur.
791 1969 888 2041 Nihil
910 1968 986 2058 hic,
1020 1969 1117 2060 quod
1143 1971 1261 2042 notari
1286 1985 1462 2060 metetur,
1500 1991 1564 2042 oc.

420 2069 531 2144 currit
553 2083 678 2159 prater
700 2087 832 2140 nomen
857 2094 931 2152 arun
950 2116 963 2153 ,
983 2067 1187 2140 terminum
1207 2065 1448 2162 expeditionis.
1503 2067 1566 2141 De

418 2164 531 2260 phrasi
553 2164 668 2251 enim,
700 2162 847 2258 reversus
875 2159 917 2253 est
942 2159 984 2244 ἐξ
1007 2168 1160 2252 miscuit,
1195 2186 1261 2257 pro
1281 2165 1431 2254 iterum,
1454 2167 1567 2239 altera
1603 2249 1605 2254 ,

396 2263 521 2350 uice,
546 2284 707 2335 necnon
733 2261 775 2332 de
799 2257 950 2354 emphasi
973 2262 1071 2332 verbi
1096 2287 1173 2334 mm
1192 2263 1412 2356 adglutinabit
1419 2261 1480 2357 se,
1505 2284 1566 2336 ve·

420 2383 526 2452 taque
547 2359 699 2432 lectione
723 2361 889 2445 textuali,
923 2356 1023 2452 supra
1047 2355 1124 2432 satis
1146 2359 1212 2453 egi.
1264 2357 1480 2434 Peculiarem
1496 2382 1598 2434 me·-

419 2456 866 2531 returanimadversronem
891 2476 1077 2543 voratas,
1111 2476 1187 2547 quae
1213 2457 1401 2531 terminum
1426 2457 1569 2554 expedi-

419 2557 525 2627 tionis
552 2553 762 2639 constituit,
803 2576 879 2632 eam
909 2554 957 2624 ob
983 2551 1119 2625 causam
1144 2551 1301 2646 erpreffe
1324 2555 1566 2645 nominatum

420 2654 500 2744 quia
522 2649 667 2722 fortuna
689 2651 859 2724 Antiochi
881 2647 951 2720 sese
966 2649 1023 2722 hie
1039 2650 1166 2736 vertit,
1191 2649 1429 2726 &Ptolemaeo
1447 2655 1567 2726 secun·

421 2749 464 2818 da
478 2747 546 2857 esse
569 2748 707 2839 coepit;
734 2765 773 2818 nt
797 2741 943 2838 sequens
966 2745 1085 2818 versus
1102 2750 1259 2838 exponit.
1308 2749 1375 2820 Sed
1390 2750 1465 2839 quis
1484 2773 1562 2822 mu-

419 2845 513 2916 nitus
532 2843 589 2912 rlle
607 2842 704 2912 locus
721 2841 789 2928 est,
816 2842 947 2934 &quid
969 2842 1161 2932 emphasros
1179 2845 1285 2918 habet
1298 2843 1470 2941 singularis
1488 2845 1565 2918 for·

420 2959 477 3014 ma
501 2938 599 3008 vocis
627 2938 739 3023 arpa?
775 2959 850 3030 quae
877 2937 966 3011 adeo
983 2937 1135 3013 offendit
1149 2941 1388 3030 Maiorethas,
1413 2958 1454 3016 ut
1470 2943 1503 3014 ei
1519 2941 1566 3015 ad

418 3035 611 3127 marginem
627 3033 831 3110 suffecerint
849 3062 933 3122 mn,
961 3039 1063 3127 eique
1081 3036 1207 3130 puncta
1225 3041 1434 3132 aptaverint.
1458 3038 1567 3136 Quod

419 3129 649 3206 neceffarium
672 3155 745 3204 non
769 3147 907 3208 tantum
923 3155 996 3206 non
1011 3132 1129 3222 foret,
1154 3157 1235 3209 cunr
1253 3163 1275 3210 a
1293 3159 1445 3230 aqueae
1462 3133 1578 3210 radii·¹

419 3251 502 3300 xum
522 3250 539 3320 3
562 3228 649 3319 peri.
673 3229 712 3303 sit
730 3229 820 3322 apud
835 3225 1056 3319 Oriental'es,
1084 3255 1159 3324 que
1175 3236 1335 3327 exempla
1348 3237 1417 3327 jam
1437 3233 1566 3327 produ·

420 3327 471 3398 xit
487 3325 540 3401 Cl.
556 3325 726 3422 'l'scpregi
748 3338 785 3412 t,
813 3325 871 3399 sed
895 3330 962 3401 hue
978 3329 1125 3402 omnino
1142 3353 1214 3402 non
1232 3334 1402 3422 quadrat,
1428 3355 1506 3406 cum
1522 3331 1565 3402 ad

418 3446 522 3496 arcem
540 3425 630 3516 ejus,
656 3422 789 3498 scilicet
805 3425 996 3513 Antiochi,
1020 3428 1155 3500 nullum
1171 3425 1298 3502 fundat
1318 3430 1465 3504 sensum.
1496 3427 1565 3501 Re·

418 3521 471 3593 tte
495 3517 564 3592 ieie
585 3523 691 3594 hahet
716 3547 824 3609 arpo,
850 3543 1059 3613 arcemque,
1087 3524 1144 3594 vel
1164 3525 1282 3601 locum
1300 3527 1445 3600 denotat
1458 3529 1566 3599 muni·

420 3617 578 3711 tiffirmmt.
630 3619 765 3690 Littera
779 3617 908 3694 eninsn
929 3619 979 3690 est
995 3621 1220 3716 paragogica,
1248 3645 1326 3714 quae
1342 3626 1491 3696 vocibus
1506 3623 1564 3695 ad-

419 3718 489 3789 dita
510 3714 686 3808 emphasin
713 3732 836 3811 auget,
871 3718 904 3790 dc
920 3714 1166 3812 superlativum
1186 3719 1318 3793 format
1331 3721 1423 3813 apud
1438 3719 1565 3794 Orien·

1302 3823 1306 3832 '
1458 3818 1567 3897 tales:

417 3955 569 4108 §igffist‘
600 3956 620 4016 1.
653 3970 680 4016 r.
712 3975 739 4035 p,
776 3971 841 4031 sm.
873 3957 924 4037 ac.
1018 3983 1022 3992 ·
1107 3959 1193 4018 sne
1213 3941 1315 4022 susa.
1342 3959 1455 4024 ceute.
1478 3977 1508 4039 p.
1533 3979 1565 4026 1.
