3426 4756
291 423 348 487 ro
396 408 761 490 narratura
809 365 1141 496 o'nnrrtrs.
1222 444 1288 518 ψ

139 606 244 683 runt,
269 596 396 689 partim
412 601 448 670 in
462 595 589 688 panico
605 593 692 688 saepe
708 607 845 668 terrore
857 592 1015 670 hostibus
1029 595 1186 687 inculs0,
1214 623 1286 694 quo

138 691 256 766 velad
278 717 390 766 nornen
414 693 593 765 Maccabei
616 691 744 786 trepidi
760 691 1001 790 aufugerunt,
1028 697 1156 784 partim
1176 697 1212 770 iu
1229 719 1288 788 ve,-
1342 701 1344 708 ’

139 788 285 864 locitate
308 793 339 862 lis
362 791 494 862 robore
517 790 741 878 invincibili,
780 792 908 882 partim
932 791 968 864 in
991 791 1140 864 mirabili
1165 815 1286 883 rerum

137 885 411 976 instauratione,
443 884 605 960 &scenae
628 885 825 961 mutatione
848 885 988 979 prorsus
1012 888 1192 986 singulari,
1219 912 1287 982 qua

141 1005 198 1056 res
221 982 409 1076 desperatae
432 983 465 1054 &
488 981 678 1080 profligata
703 983 746 1056 ad
761 981 1089 1078 summumgloriae,
1114 987 1286 1078 potentie

137 1080 173 1156 &
193 1078 458 1173 prosperitatis,
483 1080 624 1164 culmen
638 1079 717 1151 sunt
735 1080 835 1152 brevi
850 1093 1013 1171 ternpore
1028 1080 1170 1157 eduiiae.
1188 1080 1287 1180 ,Quae

136 1181 260 1250 omnia
281 1175 387 1248 Zaclr.
411 1195 458 1247 nr:
487 1195 543 1266 13,
571 1195 627 1263 14.
659 1175 712 1246 his
736 1175 852 1248 verbis
877 1173 1003 1247 vividis
1027 1177 1205 1251 coloribus
1227 1179 1287 1250 de-

137 1275 351 1367 pinguntur:
383 1269 517 1342 Terentii
540 1275 640 1370 milri,
667 1269 754 1343 dicit
773 1271 977 1358 Dominus,
1006 1267 1135 1368 Jndom
1154 1297 1286 1366 orrum,

137 1372 275 1461 implevi
298 1367 536 1462 Eplrroimnm„
562 1366 606 1450 si
622 1363 865 1459 excitauifilios
880 1381 973 1455 tnos,
1000 1369 1016 1436 i
1039 1365 1155 1459 Tflon!
1174 1385 1288 1442 contro

138 1461 245 1535 Filios
269 1461 371 1550 Tnos,
398 1465 414 1532 l
438 1459 582 1558 Jaoanl
610 1461 653 1546 ἐξ
662 1463 755 1558 posui
776 1461 916 1555 'l'estoul
930 1464 1078 1558 gladium
1093 1467 1217 1538 herois:
1245 1463 1288 1550 &⁹
1363 1525 1365 1529 ,

139 1558 306 1632 Dominus
318 1557 421 1655 snper
436 1555 554 1652 ipfisfo
569 1559 821 1655 conspicientium
831 1563 1003 1653 prebebit:
1030 1566 1148 1636 etenim
1165 1577 1202 1634 nt
1212 1561 1289 1654 fnl-

139 1679 215 1730 men
233 1658 373 1752 prodibit
384 1653 517 1750 sagitta
539 1661 629 1748 ejus,
656 1655 688 1729 δι
713 1655 876 1729 Dominus
892 1659 970 1728 tulo
986 1661 1135 1753 tienges,
1161 1683 1200 1732 or
1218 1674 1289 1732 tnr-

141 1754 271 1827 is'nilnu
295 1751 452 1844 austrinis
468 1749 679 1848 groffolr'rnr.
730 1753 793 1827 His
815 1753 986 1827 addantur
1010 1755 1121 1828 multa
1144 1755 1205 1830 irae
1226 1756 1289 1829 Di·

3 1941 4 1944 ,
142 1850 218 1923 vini
238 1849 402 1924 Numinis
425 1849 553 1921 indicia
577 1850 614 1923 in
635 1849 804 1924 Antiochi
826 1847 1016 1942 Epiphania
1036 1867 1176 1942 morte,
1200 1853 1288 1930 &in
1339 1895 1342 1902 v

142 1944 340 2022 tristissimis
362 1947 460 2043 regni
484 1946 616 2039 Syriaci
638 1946 739 2039 satis,
763 1947 966 2042 conspicua:
993 1947 1037 2020 de
1062 1949 1187 2046 quibus
1203 1945 1288 2026 mo'r't
1340 2001 1342 2004 -

3 2067 4 2070 ¹
141 2043 301 2139 quedam
323 2045 460 2118 dicam·
616 2117 620 2125 .
811 2075 813 2082 ·

5 2135 8 2142 '
190 2139 361 2230 §.XXXL
419 2162 452 2231 3.
475 2137 667 2232 Denique,
706 2160 774 2213 nec
802 2139 888 2213 illud
911 2142 953 2236 ab
975 2141 1186 2221 emblemate
1208 2143 1288 2217 alie·

140 2233 231 2312 num
253 2234 325 2325 est,
356 2236 475 2308 Deum
500 2257 582 2308 cum
604 2235 769 2308 Numinis
794 2235 846 2307 sui
868 2235 1106 2326 majestatem,
1132 2252 1209 2312 tum
1227 2261 1288 2331 po·

143 2333 221 2426 puli
235 2331 309 2421 lui,
335 2331 369 2404 ἃ
391 2351 483 2402 verre
503 2329 701 2425 religionis,
728 2331 862 2403 causam
879 2351 924 2400 eo
940 2347 1100 2426 tempore
1118 2333 1288 2408 vindicas·

3 2515 4 2524 p
142 2427 208 2516 se,
229 2449 305 2521 quae
329 2427 511 2523 gentilium
528 2446 670 2520 quoque
685 2426 807 2498 oculos
822 2423 1050 2518 praestrinxit,
1075 2427 1290 2504 &reveren

3 2535 5 2590 l
144 2526 287 2600 tiamne
302 2523 475 2598 honorem
490 2524 526 2596 in
541 2521 742 2595 Gentilibus
758 2521 945 2615 produxit:
979 2519 1068 2595 adeo
1086 2538 1144 2612 ut,
1171 2527 1230 2618 qui
1242 2524 1287 2600 de

3 2657 4 2716 1
140 2622 228 2696 Deo
250 2621 474 2717 &religione
495 2639 537 2692 ac
561 2618 803 2713 praerogativis
824 2619 948 2714 populi
968 2618 1038 2691 Dei
1053 2623 1288 2718 contemptim

3 2731 4 2790 3
141 2734 249 2793 antea
270 2719 505 2810 loquebantur
529 2716 562 2788 u
584 2715 798 2806 sentiebant,
831 2713 909 2808 post
928 2715 1210 2808 judiciumillud
1229 2721 1288 2794 ha·
1326 2793 1329 2800 ζ

3 2803 5 2828 ’
139 2817 255 2892 bitum
277 2814 497 2907 majestatem
519 2813 589 2886 Dei
612 2813 789 2899 revereri,
815 2812 1035 2908 &populum
1052 2813 1122 2889 Dei
1136 2815 1287 2891 honora·

3 2947 4 2950 κ
139 2934 215 2998 re,
248 2913 340 3004 apud
369 2911 647 3002 Hierosolymam
678 2931 819 3004 quoque
849 2909 1071 3008 supplicare,
1110 2917 1286 3007 ceperint.

102 3085 105 3092 ‚
140 3008 231 3107 Quo
252 3007 380 3079 direiie
402 3007 582 3100 respicitur
597 3006 664 3098 Jes.
682 3030 794 3082 xrrvr
807 3029 864 3100 ng.
890 3005 933 3089 (θ’
943 3011 1063 3103 pnrlore
1071 3006 1288 3106 suffundetur

140 3109 251 3190 inno,
277 3101 318 3174 ἃ·
329 3101 466 3194 pudefiat
478 3101 549 3192 fill,
576 3107 631 3173 nbi
649 3125 785 3197 regnum
806 3101 1003 3199 eopefflverir
1019 3102 1152 3201 Jehova
1169 3114 1289 3182 exerei-
1328 3111 1331 3118 “

142 3215 241 3274 tunm
263 3195 373 3291 issone
391 3199 426 3270 lis
439 3195 690 3288 Hierosolymo,
716 3199 749 3267 δι
765 3221 870 3270 coram
881 3198 1057 3287 serrioribns
1077 3203 1145 3294 ejus
1162 3210 1290 3299 glorio,

142 3319 179 3374 c,
201 3316 280 3370 xxv:
306 3318 339 3388 3.
390 3289 566 3388 Propterea
587 3294 783 3363 honorabunt
810 3291 853 3364 Te
871 3298 1009 3388 populns
1023 3301 1181 3388 ualidus,
1207 3307 1290 3373 civi-

143 3411 199 3470 tas
221 3392 376 3466 Gentium
390 3387 554 3480 sororium
575 3390 808 3458 reverebuntur
835 3385 901 3461 Te:
926 3389 1011 3464 ibid.
1036 3411 1070 3484 7.
1118 3391 1167 3463 Et
1186 3393 1289 3488 absor-

140 3495 231 3565 bebit
257 3494 294 3562 in
318 3501 420 3560 monte
442 3489 496 3558 lroo
505 3482 646 3578 spreriom
666 3488 852 3576 operimenti
875 3489 1045 3578 operientis
1066 3509 1171 3560 omnes
1188 3503 1290 3584 popn·

124 3595 222 3678 ios,
248 3585 281 3660 ἃ
304 3588 450 3658 uelamen
472 3577 652 3674 impofirnm
675 3584 818 3654 omnibns
839 3585 1010 3676 gentibus:
1026 3611 1029 3614 ·
1046 3583 1095 3674 ad„
1110 3605 1187 3677 quae
1210 3587 1290 3661 loca

3 3759 4 3762 a
149 3683 318 3780 legendus
349 3679 400 3752 eli
430 3677 483 3752 Cl.
512 3677 809 3769 Commentator,
849 3693 888 3752 ut
915 3679 948 3752 bt
971 3677 1014 3752 ad
1037 3701 1113 3774 cap.
1136 3687 1287 3764 xxvrrz8.

152 3801 246 3855 tarn:
274 3803 304 3856 r.
329 3779 395 3851 stc.
448 3775 566 3866 Plura,
593 3798 669 3868 quae
692 3775 821 3868 ubique
845 3774 1022 3869 prostant,
1048 3778 1155 3851 citare
1171 3777 1325 3875 super·-¹

3 3905 7 4000 p
150 3877 273 3998 sedeo,
328 3874 450 3974 Quam·
474 3871 582 3969 ipsam
597 3874 656 3948 'ob
686 3870 823 3950 causam
852 3873 1044 3959 Maccabei
1074 3872 1307 3972 adpellantus·

3 4037 9 4096 r
689 3969 795 4050 ‘rat
1193 4001 1293 4086 pas
