3456 4784
415 405 491 495 ast·
593 378 1416 510 constan-annius

416 595 476 668 ιο,
501 577 583 650 dein
597 532 738 670 Judaea,
763 549 799 648 ni
815 572 977 672 religioni
993 569 1241 659 renunciaret,
1265 567 1563 663 nesidestinass’e,

302 735 304 738 .
417 699 530 768 eaque
553 675 660 749 etiarn
684 673 827 753 ratione.
841 673 1006 768 myriadas
1031 674 1066 745 in
1085 671 1206 745 animo
1220 665 1375 743 habuiss'e
1388 671 1498 742 cadere
1515 667 1565 746 fa·

417 796 522 864 cere,
547 770 691 850 nesciui
717 771 1002 864 quianusquam,
1030 768 1092 841 nili
1103 771 1142 842 in
1157 771 1255 840 tertio
1270 769 1433 842 Maccab.
1448 769 1566 858 libro,
1636 799 1639 806 ¹

417 871 564 946 minoris
580 870 797 956 autoritatis,
820 870 895 960 ejus
909 870 960 940 rei
975 866 1112 940 mentio
1122 863 1178 946 fit.
1228 864 1317 939 Illud
1333 875 1567 955 majoratum

417 965 546 1044 fiducia
568 968 743 1064 adjungo,
770 965 919 1042 eandem
940 966 1024 1040 belli
1039 963 1196 1040 intestini
1209 962 1348 1038 scenam
1362 962 1488 1052 fuilie,
1512 985 1568 1036 re·

418 1087 463 1164 ge
493 1084 662 1148 mortuo,
703 1065 739 1138 in
768 1067 946 1162 Aegypto·
969 1081 1182 1138 renovatam
1204 1063 1299 1136 inter
1328 1063 1500 1157 populum
1533 1061 1570 1140 δι

418 1162 612 1259 Agathoclis
636 1159 853 1252 simonen,
873 1163 972 1254 cujus
995 1162 1053 1234 hic
1074 1159 1171 1252 fuit,
1195 1173 1359 1233 narrante
1376 1157 1570 1251 Justinoa,

411 1281 589 1350 weverrtns.
644 1258 697 1334 Re
719 1273 827 1334 tamen
849 1258 1173 1358 cognita,'(regem
1196 1257 1330 1331 scilicet
1349 1255 1418 1329 eise
1442 1256 1571 1331 defun·

419 1357 535 1456 iium)
560 1358 711 1452 concursu
727 1355 1008 1441 multitudinis&
1022 1357 1219 1454 Agathocles
1235 1357 1416 1450 occiditur,
1444 1355 1487 1439 δ’
1500 1375 1570 1429 rnu-

421 1460 515 1529 lieres
530 1463 566 1530 in
582 1460 736 1530 ultionem
752 1454 956 1551 Eurydices,
971 1455 1077 1552 (alias
1092 1449 1487 1552 Arfinoes,)jpatihulis
1494 1447 1571 1547 [uss

298 1557 302 1568 '
412 1547 582 1649 figuratur.
638 1549 752 1628 Morte
775 1559 884 1650 regis,
907 1551 1070 1650 supplicio
1092 1557 1297 1628 meretricum
1318 1550 1415 1624 uelut
1438 1555 1572 1646 expiata

419 1657 515 1746 regui
537 1645 701 1742 infamia,
728 1655 853 1748 legatos
874 1649 1097 1726 Alexandrini
1117 1653 1160 1725 ad
1176 1646 1463 1746 Romanasmisere
1479 1651 1574 1722 oraru
1640 1739 1641 1742 Ἴ
1717 1657 1718 1666 ’

422 1763 491 1836 tes,
515 1764 553 1822 ut
575 1751 711 1820 tutelam
723 1819 725 1822 ,
731 1754 854 1842 pupilli
858 1747 1084 1845 susciperent,
1103 1758 1338 1844 'laetanturque
1353 1771 1490 1843 regnum
1503 1745 1574 1821 Aa·

421 1849 538 1939 gypsi,
563 1845 643 1940 quod
661 1846 731 1934 fam
746 1843 940 1939 Philippum
958 1843 1002 1930 Β
1016 1845 1238 1935 Antiochum,
1257 1845 1354 1939 falla
1371 1841 1502 1939 interse
1515 1859 1572 1939 pa·

422 1942 540 2030 iliam,
573 1867 716 2036 diuisiffe
744 1943 901 2018 dicebaut.
962 1941 1070 2042 Quod
1100 1945 1279 2028 debilitalis
1308 1943 1406 2039 regni
1425 1943 1573 2018 manife-

423 2039 513 2136 stum
537 2036 587 2113 est
608 2037 787 2112 inditium.
839 2039 1009 2114 Meminit
1024 2061 1165 2134 quoque
1183 2041 1327 2134 repetiti
1345 2039 1573 2116 belliintesti·

422 2137 460 2210 ni
483 2135 647 2230 Polybius
674 2137 712 2226 b,
743 2135 901 2225 tradens,
928 2159 999 2210 aum
1026 2135 1225 2234 Agathocles
1248 2135 1441 2231 infhleutia,
1459 2137 1572 2236 super-

423 2236 478 2308 hia
496 2256 534 2306 ae
560 2230 701 2327 defidia,
735 2237 874 2331 quetidie
894 2232 1125 2331 invalesceret,
1152 2232 1328 2330 pristinum
1349 2239 1447 2332 uulgi
1467 2239 1574 2309 odiu'm'

423 2329 536 2424 rursus
557 2329 724 2427 taarfiffe,
764 2334 949 2428 suadesque
974 2331 1085 2406 clades·
1103 2328 1147 2414 δέ
1170 2335 1372 2406 calamitates
1393 2341 1511 2431 regni,
1533 2337 1576 2408 ah

387 2475 389 2478 -
424 2431 474 2504 his
497 2433 675 2505 hominihus
694 2425 874 2524 profeilas,
900 2436 1049 2503 memoria
1065 2426 1235 2527 repetitffe.
1548 2429 1554 2508 Ϊ

474 2530 506 2616 §.
524 2527 598 2602 XL.
630 2524 754 2600 Praelio
782 2527 826 2600 ad
852 2525 1024 2619 Raphiam
1051 2525 1194 2601 funesto
1216 2526 1406 2607 admodum
1430 2530 1573 2624 habite,

427 2637 583 2717 paceque
600 2645 682 2700 curn
699 2623 892 2698 Ptolemaeo
905 2621 1016 2714 fama,
1040 2647 1107 2718 qua
1121 2621 1318 2719 Coelesyriae
1335 2628 1369 2701 ile
1386 2629 1573 2706 Palaestina

423 2721 650 2796 renunciavit
671 2721 889 2809 Antiochus,
915 2723 1050 2799 interea
1071 2723 1156 2797 dum
1177 2723 1299 2797 omnia
1318 2724 1356 2799 in
1370 2748 1482 2823 regno
1501 2729 1576 2802 Ae·

424 2820 526 2916 gypti
547 2821 653 2908 luxu,
679 2817 830 2904 defidit,
856 2819 1040 2910 tyrannide
1056 2819 1088 2892 he
1107 2820 1254 2897 internis
1269 2823 1440 2910 motibus,
1461 2825 1573 2898 colla·

423 2917 618 3003 berentur,
646 2915 750 2987 rebus
772 2912 839 2987 suis
859 2915 1039 3014 inhgniter
1051 2917 1232 3009 intentus,
1257 2942 1403 3019 regnum
1418 2943 1483 3016 pet
1498 2921 1571 2998 Ot-

424 3011 619 3085 cidentales
643 3033 684 3084 at
704 3010 905 3086 Orientales
927 3013 1017 3090 nna
1040 3019 1200 3114 regiones
1214 3019 1320 3117 longe
1335 3021 1475 3114 lateque
1491 3022 1575 3098 dila·

424 3108 535 3195 tavit,
568 3131 608 3181 ac
635 3105 803 3194 firmavit.
854 3107 961 3186 visto
982 3114 1077 3189 enirn
1099 3117 1254 3205 Atlraeo,
1281 3119 1342 3211 qui
1357 3120 1395 3192 in
1409 3118 1490 3194 Afra
1505 3123 1575 3194 Mi.

281 3289 291 3304 ·
425 3227 516 3280 nore
541 3227 687 3302 regnum
710 3223 895 3298 erexerat,
928 3208 1044 3286 anam
1071 3215 1320 3307 recuperavit,
1347 3216 1430 3291 dein
1457 3217 1494 3292 in
1511 3217 1574 3294 Ba·

425 3301 537 3389 titos,
564 3305 730 3394 Parthos,
755 3305 911 3401 aliosque
933 3311 1086 3404 populos
1107 3313 1293 3388 orientales
1309 3335 1483 3404 movens,
1509 3337 1572 3390 eos

425 3401 486 3476 libi
502 3400 670 3495 subjecit,
687 3403 745 3476 vel
762 3407 987 3492 conciliavitt
1009 3431 1226 3507 regnumque
1242 3410 1306 3484 hac
1320 3413 1458 3488 ratione
1471 3433 1576 3509 quam

425 3497 652 3590 firmiffimum
674 3503 709 3577 he
730 3501 1033 3596 potentillimum,
1072 3509 1211 3600 lateque
1241 3507 1428 3602 diffusum,
1460 3513 1575 3587 reddi·

423 3597 495 3684 dit,
523 3621 824 3695 nomenquoque
846 3599 971 3697 Magni
990 3619 1067 3678 tum
1083 3607 1238 3680 meritus.
1289 3605 1379 3706 Quae
1396 3611 1517 3686 omnia
1530 3630 1576 3686 ex

422 3693 576 3771 Historia
600 3699 751 3790 cuique,
777 3720 861 3772 non
885 3701 988 3791 plane
1011 3701 1107 3790 rudi,
1142 3703 1177 3776 in
1201 3723 1345 3798 promtu
1371 3705 1472 3783 sunt:
1498 3731 1575 3784 non

420 3793 514 3867 nulla
539 3817 681 3890 quoque
706 3795 794 3869 hanc
817 3799 851 3869 in
874 3817 950 3872 rem
967 3797 1052 3872 Diis.
1067 3819 1081 3858 c
1098 3799 1140 3875 ari
1156 3799 1311 3875 Danielis
1325 3808 1492 3876 vaticinia
1509 3829 1572 3875 em.

460 4029 481 4069 s·
495 4009 513 4070 1.
529 4025 601 4072 nas:
622 4028 650 4074 2.
759 4015 778 4075 h
798 4013 872 4078 lhid.
885 4031 921 4078 ex
936 4017 987 4080 lib.
1001 4035 1057 4081 xu-
1152 4040 1167 4082 c
1188 4003 1306 4083 nutv.
1320 4021 1347 4100 l.
1361 3905 1572 4087 tranitem
