3386 4744
406 424 458 482 au
527 403 564 482 D
612 401 648 481 A
694 403 743 486 N.
814 426 880 485 xrs
929 415 990 504 23.
1202 413 1278 508 547

125 613 344 690 regnumque,
369 589 597 686 quodmodo
623 590 729 666 etiam
747 589 1005 682 declaraverat,
1031 593 1202 668 blanditiis
1212 590 1277 687 fir·

125 687 250 786 unffi,
290 690 486 785 adpareret.
543 687 628 787 Quo
650 689 726 760 haec
752 692 885 780 verba,
916 689 1154 784 superioribus
1180 689 1275 766 recte

126 787 303 878 subnexa,
330 787 543 873 collineant,
569 783 659 860 vers.
685 808 742 879 ²3·
767 785 810 868 ἐξ
825 811 864 860 ex
878 787 1105 882 consociatione
1118 812 1192 860 cum
1210 786 1276 884 ipss

112 883 227 978 furiet
237 880 405 976 fraudem.
455 883 545 992 Quae
565 883 635 955 huc
650 883 817 957 redeunt:
843 901 968 977 aperto
985 903 1096 960 marte
1112 907 1183 960 non
1203 903 1277 959 tan·

124 1002 205 1057 turn
227 1004 309 1056 cum
324 981 463 1074 populis
480 979 604 1055 vrcinis
618 994 719 1076 aget,
744 981 859 1054 multo
879 969 1096 1074 minus⁰justa
1116 983 1159 1054 de
1176 981 1276 1055 causa

123 1101 191 1154 cos
215 1079 418 1174 opprimet,
450 1076 510 1149 sed
533 1077 567 1148 δι
589 1074 832 1150 fraudulenter
855 1093 981 1152 contra
1003 1078 1100 1170 padla
1125 1100 1166 1151 ac
1189 1100 1274 1153 con·

124 1191 254 1264 venta,
289 1173 407 1250 &sub
430 1172 546 1267 specie
571 1173 754 1262 arnicitiae,
786 1194 827 1245 ac
850 1173 928 1266 post
949 1174 1202 1250 adsociationes
1226 1175 1275 1248 fa·
1330 1175 1334 1182 '

122 1270 221 1361 fias,
245 1293 288 1344 ex
313 1271 386 1364 ipfa
406 1270 673 1346 consociatione
694 1269 915 1344 occassonem
932 1269 1074 1362 nactus,
1100 1293 1141 1345 ea
1155 1273 1274 1346 omnia

127 1386 230 1466 aget,
256 1368 474 1443 simulatione
497 1367 531 1441 δι
553 1364 694 1442 vafritie
716 1368 752 1440 in
771 1367 935 1443 omnibus
952 1365 1079 1461 pastis,
1105 1391 1185 1443 cuna
1202 1369 1276 1461 qui·

126 1470 333 1560 buscunque
362 1466 478 1556 initis,
520 1462 653 1542 usurus.
712 1462 833 1538 Verba
854 1467 948 1540 eninr
970 1459 1051 1539 funt
1074 1467 1273 1564 generalia,

127 1566 272 1639 nemine
290 1562 443 1660 exprell'e
458 1563 662 1651 nominato,
690 1583 844 1656 quocum
860 1560 1065 1637 societatem
1081 1563 1206 1652 iniret,
1232 1581 1273 1638 ut

121 1661 170 1734 de
194 1683 406 1756 quocunque
426 1660 630 1734 consociato
646 1663 898 1756 cogitaremus,
924 1680 993 1734 nec
1007 1659 1052 1732 ad
1066 1661 1130 1733 hos
1147 1663 1273 1735 illosne

121 1757 432 1856 restringeremus:
466 1779 535 1831 nec
549 1771 686 1850 apertas
703 1755 899 1832 invasiones
915 1754 1056 1831 hostiles
1072 1774 1196 1832 contra
1214 1779 1274 1852 pa-

117 1855 177 1931 fia
201 1869 381 1930 conventa
403 1869 540 1929 tantum
561 1868 792 1948 proponunt,
819 1851 879 1926 secl
896 1853 1071 1948 &partim
1085 1854 1272 1929 mendaces

118 1951 434 2046 fraudulentusque
457 1973 581 2026 eorum
600 1950 931 2045 interpretationes,
957 1951 1084 2045 partim
1099 1951 1274 2046 pernicio·

123 2049 160 2126 fa
180 2051 361 2126 molimina
376 2049 490 2142 specie
510 2049 670 2122 amicitiae
688 2049 826 2135 velata,
853 2048 886 2120 δι
904 2046 1061 2121 famulata
1076 2051 1271 2124 sociatione

123 2146 281 2240 peracta,
306 2149 434 2239 partim
456 2145 669 2236 multiplices
693 2143 855 2229 fraudes,
885 2145 921 2215 in
943 2144 1015 2235 ipsa
1035 2146 1271 2220 confoedera-

118 2245 223 2316 tione
248 2257 417 2334 patratas,
448 2242 491 2312 ad
514 2239 650 2312 hostilia
667 2237 881 2312 saaconfilia
895 2235 1108 2329 efficienda,
1133 2239 1271 2333 conspi-

119 2339 264 2412 ciendas
287 2340 458 2431 praebent.
516 2333 637 2407 Facere
660 2337 794 2422 dolum,
829 2350 870 2407 ut
892 2331 985 2404 reete
1008 2335 1179 2428 Gejerus,
1197 2337 1271 2430 stu·

99 2439 213 2517 ,dium
242 2439 395 2530 exprimit
409 2430 605 2527 fingularc,
643 2433 836 2524 multiplex,
869 2425 1059 2526 iudefcffum
1084 2456 1121 2505 ac
1144 2436 1273 2506 diutur-

118 2556 223 2622 num,
254 2533 365 2606 itaut
389 2532 425 2604 in
447 2550 492 2602 eo
516 2543 611 2604 totus
637 2527 699 2618 fat,
731 2528 764 2600 ei
788 2527 892 2600 unice
915 2526 1049 2602 fere&
1077 2551 1143 2626 per
1160 2553 1268 2607 omne

117 2645 265 2725 tempus
284 2629 473 2703 incumbat.
526 2625 661 2700 Dolum
685 2646 773 2699 vero
794 2648 833 2698 es
848 2623 1075 2722 consociatione
1091 2629 1133 2700 ad
1148 2627 1270 2723 ipsum,

121 2730 182 2803 vel
205 2751 278 2800 cum
300 2723 386 2822 ips⁰s
412 2722 545 2799 scilicet
568 2721 748 2796 Antiocho
772 2720 870 2816 ipso,
901 2723 962 2816 qui
982 2724 1040 2796 hic
1056 2725 1206 2802 omnino,
1220 2729 1270 2802 in-

116 2823 330 2924 telligendus
352 2821 422 2912 est,
449 2844 531 2896 cum
549 2821 677 2894 nullius
690 2821 826 2894 mentio
841 2819 952 2894 fuerit
964 2819 1073 2908 faiis,
1101 2845 1172 2918 quo
1186 2827 1270 2897 reia·

120 2931 232 2997 tivum
254 2921 380 2995 referri
401 2917 522 3014 pollet,
542 2914 678 3010 facere,
705 2913 873 3017 fignificat
886 2919 1012 3012 partim
1029 2919 1268 2999 adsociatione

120 3018 237 3106 fasta,
263 3015 322 3090 seu
344 3019 422 3111 poli
443 3038 539 3102 eam,
574 3014 610 3089 id
623 3036 748 3112 agere3
774 3017 834 3108 qui
847 3014 925 3090 fatis
940 3016 1083 3092 usitatus
1097 3017 1149 3092 est
1163 3018 1270 3113 parti·

22 3121 26 3130 '
119 3115 212 3190 culae
232 3140 264 3212 p>
280 3136 317 3186 eu
338 3111 436 3203 usus,
461 3111 588 3206 partim
612 3135 681 3184 eam
702 3109 800 3206 dolose
815 3112 1017 3203 instituere,
1045 3113 1138 3188 &ex
1153 3138 1195 3191 ea
1209 3139 1269 3192 oc·

124 3210 297 3288 eufronem
317 3230 503 3302 pravarum
519 3204 694 3280 auronum
712 3211 746 3282 δι
762 3209 987 3286 moliminum
1001 3225 1128 3286 contra
1143 3210 1266 3288 foede·

122 3326 239 3395 ratos,
265 3307 446 3397 aliosque,
479 3301 628 3376 sumere.
689 3300 798 3400 Quod
821 3305 964 3398 proprie
987 3305 1058 3394 est,
1093 3331 1132 3380 ex
1154 3311 1211 3381 vel
1230 3311 1267 3383 de

124 3404 361 3481 adsociatione
384 3400 503 3474 facere
526 3397 700 3474 iraudcm.
751 3397 826 3492 lpsa
848 3401 947 3474 vocis
963 3400 1076 3476 forma
1091 3401 1269 3500 fingularis

126 3525 173 3576 ex
196 3499 318 3594 Hitph.
352 3524 486 3572 urrunnu
507 3495 552 3570 ad
573 3492 687 3572 [iiiam
711 3493 745 3569 ἃ
769 3493 960 3574 fimulatam
980 3497 1268 3574 confoederatio-

123 3621 208 3678 nem
231 3613 305 3674 nos
319 3595 449 3670 ducere
462 3609 541 3688 apta
559 3610 639 3670 nata
658 3591 729 3681 eft,
755 3614 836 3668 cum
850 3593 966 3668 forma
982 3594 1103 3692 Hitph.
1112 3593 1270 3690 fiilialem

124 3695 311 3794 personam
335 3692 482 3768 induere
504 3707 607 3767 notet
620 3691 828 3785 aliquando,
851 3692 903 3766 uti
920 3705 1046 3769 notum
1063 3693 1125 3769 est.
1175 3694 1267 3776 Cum

109 3815 215 3869 *vero
241 3793 420 3867 neminem
449 3792 621 3884 exprimat
650 3789 846 3884 Propheta,
879 3812 1033 3884 quocum
1062 3792 1269 3872 societatem

120 3893 232 3972 iniret
253 3889 473 3983 Antiochus,
505 3909 789 3987 eumquaecunque
812 3887 863 3962 ita
883 3885 1040 3970 edurum
1064 3889 1135 3970 effe
1157 3890 1270 3968 vafer-
1387 3913 1389 3916 ·

675 3983 761 4060 Zzz
787 4007 809 4060 2
1141 3989 1274 4076 timum
