3456 4784
333 475 337 482 ,
414 413 465 470 AD
532 390 573 467 D
619 394 654 470 A
700 371 887 472 N.'‘x1=
937 418 1025 492 Μ.
1238 429 1308 512 427

203 588 237 676 s.
251 578 381 660 xvtu.
406 579 566 658 Dubium
584 581 705 674 itaque
718 577 802 656 mihi
817 601 892 654 non
906 580 977 673 est,
1003 585 1087 676 quin
1101 589 1302 682 generalem

153 683 243 780 regis
263 685 299 758 u
318 705 335 755 r
405 679 417 750 i
439 678 675 754 characterem
695 677 749 754 his
770 679 886 752 verbis
900 673 1016 754 fixerit
1031 682 1228 776 Propheta,
1257 707 1303 758 ex

154 801 227 872 quo
250 781 358 877 digno
373 777 407 853 ci
421 775 547 870 possit,
573 791 740 870 tanquam
755 777 920 850 omnibus
935 777 1075 874 regibus
1089 778 1227 876 Lagidis
1244 805 1302 856 an·

151 889 189 950 te
211 875 245 950 de
267 875 345 974 post
366 875 480 968 ipsum
503 871 685 965 superior,
710 873 748 948 in
762 873 946 963 cofitum,
971 877 1067 968 quod
1082 897 1231 974 regnum
1245 879 1303 953 ha·
1424 921 1432 937 ·

151 973 255 1048 beret
275 973 463 1069 potentia,
490 971 618 1064 opibus
640 969 944 1063 temperatim,
982 971 1090 1070 longe
1113 969 1299 1066 celeberri-

150 1093 271 1160 mum,
298 1071 401 1164 quale
417 1061 626 1164 Lagidarum
644 1067 833 1162 imperium
851 1089 1030 1158 nunquam
1043 1068 1105 1142 nist
1121 1071 1192 1164 hoc
1209 1089 1298 1148 tem·

149 1189 241 1262 pore
256 1167 338 1244 fuit.
386 1164 445 1238 De
459 1185 532 1256 quo
548 1163 749 1236 luculenter
764 1183 808 1236 ex
822 1183 1059 1241 monumento
1080 1167 1297 1258 Adulitan0,

147 1264 404 1360 supracitato,
443 1259 593 1338 constat.
643 1259 779 1334 Tenuit
800 1261 895 1334 enirn
919 1257 1142 1359 Euergetes,
1168 1283 1297 1358 praeter

146 1383 299 1459 regnum
322 1383 342 1436 a
368 1360 470 1436 Patre
493 1355 554 1432 fibi
577 1354 759 1446 relitiunr,
793 1373 905 1432 totam
928 1356 1006 1432 sere
1023 1358 1160 1450 Asiam,
1187 1363 1222 1432 ἃ
1238 1370 1295 1435 mi-

144 1482 283 1548 norem,
315 1457 363 1534 sac
382 1451 535 1546 didam,
559 1453 744 1532 maxirnam
767 1468 925 1548 partem,
958 1454 992 1528 ἃ
1016 1459 1167 1552 mojorem
1186 1479 1294 1551 usque

141 1556 192 1630 ad
209 1555 366 1646 Indiam,
381 1575 490 1650 regna
504 1571 648 1646 quoque
665 1553 784 1627 omnia
798 1557 844 1624 cis
861 1551 999 1624 &trans
1013 1575 1108 1628 mare
1122 1558 1292 1647 rubrum,
1352 1577 1354 1582 ·

141 1651 334 1741 sentimum
350 1651 563 1740 Arabicum,
589 1670 784 1742 usquequo
799 1648 836 1722 in
854 1647 1041 1725 Oceanum
1056 1649 1193 1741 influit,
1218 1656 1291 1727 Ae-

138 1750 352 1846 thyopas&
379 1749 527 1824 Arabes.
580 1745 722 1845 Quod,
761 1761 928 1838 tanquam
950 1763 1104 1836 notum,
1142 1749 1293 1848 tetigisse

140 1845 337 1924 suffecerit.
386 1843 563 1922 Gentibus
583 1841 729 1920 subactis
750 1840 950 1932 recensitis,
976 1841 1155 1942 subjungit
1170 1868 1235 1924 rex
1255 1849 1293 1922 in
1433 1885 1437 1892 ·

143 1946 257 2022 citato
279 1956 537 2022 monumento:
569 1940 681 2014 ardna
703 1942 739 2012 di
763 1949 868 2014 caritot
888 1939 964 2022 ἔθνη
983 1939 1162 2050 autumat}
1187 1944 1293 2040 pedu&

13 2063 14 2084 2
141 2047 348 2133 ‘muman
376 2041 450 2130 w*
467 2047 529 2133 έμὲ
549 2039 722 2128 ὑπέταξα,
758 2037 907 2112 Ceterum
920 2040 1010 2110 hasce
1026 2061 1132 2111 omnes
1145 2047 1292 2114 nationes

13 2177 14 2180 =
136 2146 267 2237 prim
290 2137 334 2222 δ’
347 2135 459 2233 folus,
486 2131 557 2230 posi
581 2131 746 2229 deteffores
761 2157 844 2206 meos
863 2155 972 2228 reges,
995 2132 1132 2228 subjeci.
1191 2137 1291 2212 Patet

139 2237 263 2328 itaque
282 2235 396 2320 ratio,
418 2251 526 2324 quare
547 2229 591 2302 ab
612 2229 683 2302 hoc
705 2227 902 2302 charactere
924 2231 1077 2324 generali
1095 2251 1215 2325 regem
1230 2233 1289 2304 de.

137 2331 273 2408 scribat
286 2329 489 2427 propheta,
514 2328 667 2418 eumque
682 2325 891 2418 promittam
916 2325 1087 2410 maxime,
1114 2327 1193 2418 quia
1209 2328 1289 2422 post

137 2427 254 2526 ipsum
283 2447 385 2526 reges
415 2421 555 2520 Lagidae
576 2419 762 2514 sequentes
784 2441 909 2495 omnes
935 2418 1007 2494 sese
1028 2421 1106 2496 otio
1131 2421 1287 2498 &luxui

137 2527 328 2615 dederint,
356 2521 528 2620 regnique
549 2518 644 2592 vires
662 2517 881 2593 adtriverint.
937 2516 1007 2592 Hic
1034 2537 1124 2593 unus
1150 2521 1184 2594 &
1208 2522 1288 2594 triti·
1422 2543 1426 2551 ¹

135 2647 216 2704 meu
240 2641 391 2721 regnum
417 2613 693 2714 potentissimum
719 2613 808 2688 fecit
832 2613 868 2686 de
888 2611 1175 2690 florentiffimum.
1228 2617 1287 2692 De

136 2743 207 2816 quo
224 2723 367 2816 itaque,
401 2716 479 2808 jure
499 2713 650 2804 merito,
676 2710 913 2806 ὄικατῖἐξοχὴν
930 2711 1000 2785 dici
1013 2727 1174 2807 poterat,
1202 2735 1285 2794 eum

12 2819 13 2824 ’
120 2822 178 2893 -ad
194 2821 379 2916 potentiam
402 2811 559 2898 &robur
574 2804 717 2905 uanffl,
741 2807 963 2900 seustolonem
977 2809 1095 2900 illurn,
1120 2835 1159 2882 ex
1171 2807 1284 2902 surcu-

12 2923 36 2994 ’,
134 2919 166 2990 io
190 2917 342 2990 radicum
363 2910 551 2986 Berenices
574 2924 739 2996 enatum,
773 2903 909 2982 factum
927 2905 996 2979 esse
1012 2901 1226 3002 firnnffimum
1248 2911 1284 2983 de

134 3009 388 3098 deuiiffimum,
405 3005 687 3100 altissimumque.
739 3001 806 3079 Cui
830 3002 1012 3092 concinit,
1038 3003 1133 3096 quod
1154 3006 1190 3079 in
1207 3029 1282 3084 mo·

133 3125 316 3192 numento
330 3106 514 3182 Adulitico
527 3103 725 3198 adpelletur
739 3100 947 3198 ddvdpadacc
953 3097 1087 3194 strenue
1101 3123 1210 3198 agens.

182 3215 220 3304 §-
241 3203 334 3282 XlX.
365 3201 545 3302 ¹Queritur
570 3213 730 3285 tantum,
759 3219 846 3272 num
861 3194 1012 3290 phrafis,
1036 3203 1148 3271 oenoe
1171 3200 1284 3274 adro.

135 3311 219 3397 dur,
258 3325 341 3379 eum
363 3296 502 3374 sensum
522 3295 635 3384 serat,
674 3293 811 3386 &quid
833 3291 1062 3384 amplitudine
1085 3291 1143 3368 sua
1167 3298 1282 3371 conti·

137 3401 250 3482 neat?
282 3399 340 3476 Ad
362 3394 520 3494 phrafin„
551 3396 665 3468 uenire
690 3387 733 3462 ad
745 3393 864 3476 robur,
898 3386 1132 3464 offenderunt
1145 3390 1282 3485 paffim,

138 3519 305 3596 tanquam
322 3493 522 3582 insolitam,
546 3489 673 3566 &sine
694 3485 880 3580 exemplo,
912 3485 1037 3559 necin
1059 3486 1132 3578 ejus
1155 3489 1227 3562 vim
1241 3510 1282 3562 ac

136 3599 349 3699 elegantiam
379 3605 564 3687 penetrare
593 3599 811 3683 potuerunt,
850 3601 958 3678 quare
980 3580 1023 3654 ad
1044 3582 1145 3657 aliam
1174 3583 1283 3658 inter.

52 3751 60 3758 -
139 3695 409 3794 pretationem,
440 3687 549 3764 modo
580 3683 791 3772 refutatam,
834 3678 869 3754 se
893 3694 1135 3773 receperunt,
1172 3681 1281 3779 longe

138 3791 420 3870 insolentiotem.
467 3783 536 3860 Sed
560 3783 644 3879 quid
664 3779 772 3878 magis
793 3775 929 3854 absurdi
954 3777 1080 3879 habeat
1099 3779 1172 3852 aliis
1194 3777 1284 3855 srmi·

137 3891 251 3983 thus,
274 3909 358 3988 ques
381 3880 558 3977 adferam,
582 3877 747 3978 equidem
766 3899 841 3953 non
862 3874 994 3955 video?
1019 3875 1101 3954 Hoc
1118 3875 1194 3974 ipso
1207 3900 1284 3972 cap.

676 3973 842 4058 ‚Hhha
1166 3971 1289 4056 nostro
1403 4082 1405 4090 Ι
1484 3985 1487 3994 ’
