3416 4746
404 433 468 492 AD
541 409 580 488 D
628 408 664 488 A
710 406 759 486 Ν.
833 431 898 494 xl:
955 433 1042 513 Μ.
1220 425 1291 520 44'3

144 601 301 678 cundum
325 619 408 693 quas
430 595 541 692 versus
565 596 636 673 sese
658 596 785 692 sponte
808 597 867 676 sua
887 597 922 672 in
948 601 1159 680 dm'dividit
1182 627 1292 682 mern·
1344 633 1348 644 ·

96 786 105 792 ,
143 703 230 790 bra,
254 698 417 792 quotum·
427 694 599 790 posterius
620 695 743 789 incipit
767 719 849 772 cum
872 699 1009 790 verbis,
1038 706 1215 800 iterumque
1222 701 1293 800 sese

138 799 300 872 miscebit.
325 796 392 870 dcc.
416 791 579 890 proprie,
606 790 649 876 δ’
663 795 781 871 redibit
801 793 1000 877 &miscebit
1008 795 1067 892 se:
1101 820 1178 893 quae
1193 801 1296 893 phre·
1330 875 1334 878 ,

142 893 207 983 iis,
242 891 367 967 usitato
394 889 470 966 satis
494 889 662 982 loquendi
683 912 836 988 genere,
869 896 1073 967 iterationem
1103 898 1293 986 continet,

146 991 315 1084 idemque
339 1009 379 1061 ac
400 985 535 1081 rursus,
559 990 665 1060 altera
687 993 779 1078 vite,
813 988 978 1077 denotat,
1003 1006 1045 1066 ut
1059 990 1151 1070 Dan.
1167 1013 1215 1068 rr:
1233 1015 1252 1065 2
1259 1015 1294 1084 5.

145 1087 184 1164 ἃ
206 1087 290 1162 alibi
310 1084 421 1179 sepe:
456 1082 552 1177 quod
572 1085 616 1172 ab
640 1082 714 1156 aliis
740 1107 758 1148 a
780 1083 919 1158 abunde
939 1083 991 1156 est
1011 1092 1296 1181 comprobatum.

144 1185 248 1262 Sicut
269 1181 335 1258 Gr.
363 1179 569 1277 diespiper,
605 1175 721 1275 seipas
742 1179 772 1254 b.
829 1178 871 1252 ln
900 1181 1019 1274 priore
1045 1182 1157 1279 uersus
1178 1201 1296 1276 parte,

146 1303 228 1377 quae
244 1283 388 1393 primam
416 1297 499 1351 cum
522 1271 653 1350 effettu
673 1274 939 1370 expeditionem
962 1277 1127 1369 exhibet,
1162 1281 1298 1357 illudio

146 1379 271 1475 prinus
284 1373 543 1450 observandum
559 1369 631 1462 est,
657 1372 769 1466 prima
784 1373 912 1461 verba,
938 1399 1011 1450 nrm
1033 1401 1112 1463 om,
1129 1399 1205 1472 quae
1220 1399 1300 1452 ver·

148 1475 179 1553 ti
200 1475 239 1550 in
259 1473 365 1570 fing,
398 1468 443 1556 ἃ
454 1466 551 1565 filius
571 1470 640 1565 eius
652 1467 722 1565 sese
743 1473 908 1557 miscebit,
953 1488 996 1544 ex
1016 1471 1298 1552 Maioretharum

149 1569 360 1668 puntiatura
387 1567 579 1644 secundum
605 1565 793 1642 leilionem
820 1566 1045 1663 marginalem
1066 1569 1102 1644 ln
1123 1571 1214 1664 plur·
1237 1591 1298 1646 oc.

66 1665 72 1675 ⁴
147 1688 316 1756 currere,
341 1663 541 1754 reddenda,
567 1660 611 1748 δ’
623 1660 697 1753 filii
718 1666 786 1760 eius
800 1661 870 1764 sese
882 1667 1058 1738 misaelem
1072 1667 1180 1744 bello.
1230 1667 1299 1744 Cui

147 1765 370 1860 interpretes
384 1761 570 1858 adsurgere
592 1759 729 1850 solent,
755 1761 843 1850 duos
866 1759 1004 1836 Seleuci
1026 1761 1185 1839 Callinici
1204 1762 1298 1840 filios

144 1861 413 1958 intelligentes,
437 1853 639 1932 Ceraunurn
660 1855 941 1934 &Antiochum
993 1857 1084 2029 (Auae
1107 1861 1230 1956 opinio
1246 1862 1298 1938 in·

147 1958 401 2055 superabilibus
418 1955 592 2048 premitur
606 1951 887 2043 difficultatibus,
908 1974 952 2028 ex
966 1953 1001 2028 hi
1032 1957 1107 2031 oria
1121 1957 1192 2032 sese
1206 1960 1298 2034 offe-

145 2059 323 2136 rentibus.
372 2051 537 2128 Cerauno
552 2051 648 2125 enim
665 2051 782 2127 nullus
797 2051 855 2124 hic
869 2050 987 2144 potest
1001 2053 1199 2144 ellelocus,
1214 2079 1297 2133 cunr

143 2153 243 2248 ipse,
268 2151 362 2226 bello
376 2149 598 2245 Pergameno
618 2147 827 2234 immixtus,
850 2149 1024 2241 brevique
1043 2171 1065 2226 e
1087 2153 1206 2226 medio
1223 2153 1298 2227 sub·

145 2254 268 2337 latus,
291 2245 378 2320 nihil
393 2241 614 2338 prestiterit,
638 2243 726 2314 nihil
744 2257 871 2316 contra
884 2255 1033 2339 regnum
1054 2245 1208 2343 Aegypti
1222 2271 1299 2324 mo·
1340 2255 1345 2258 ’

137 2350 233 2426 ,litus
258 2342 321 2418 srtt
353 2359 422 2414 nec
448 2339 524 2431 ejus
548 2349 711 2430 tempore
743 2335 942 2412 Antiochus
971 2340 1101 2434 aliquid
1122 2347 1298 2438 tentavit,

145 2456 341 2525 tentareee
354 2435 500 2532 potuitt
524 2453 593 2506 nec
606 2453 774 2527 usquam,
790 2450 960 2529 regnante
977 2435 1170 2514 Ptolemaeo
1186 2439 1297 2516 Euer·
1450 2529 1452 2532 ¹

146 2555 257 2644 gete,
279 2531 408 2628 aliquid
428 2532 467 2606 in
489 2551 638 2628 regnum
654 2530 767 2621 ejus-a
780 2531 876 2623 Syris
891 2529 992 2605 fuiss'e
1006 2533 1197 2627 praestitum
1211 2538 1297 2636 legi·

110 2657 116 2686 ‘·
145 2660 239 2720 mus.
289 2625 419 2728 Stettffe
440 2648 582 2723 quoque
602 2647 663 2700 rex
685 2625 805 2700 Austri
819 2626 948 2701 dicitur
957 2643 1028 2725 pree
1043 2629 1078 2704 ἀ
1092 2655 1112 2704 a
1128 2657 1202 2730 rege
1218 2634 1296 2731 Sep.

144 2735 342 2818 tammonis,
366 2725 478 2802 nullas
504 2726 577 2818 eius
600 2738 767 2818 expertus
786 2722 1050 2815 infestationes,
1075 2729 1165 2804 vers.
1194 2735 1227 2808 8.
1251 2747 1296 2810 ut

142 2835 247 2931 strpra
262 2827 426 2904 vidimus.
475 2821 731 2918 Interpretibus
753 2821 871 2917 itaque
897 2825 1095 2916 nonnullis,
1119 2823 1296 3000 filiorlgefi

143 2923 307 3096 mistuilfe
334 2927 412 2998 lello
434 2941 505 2996 cum
528 2917 698 2996 Ptolemae
720 2915 911 3017 Euergete,
940 2923 1074 2999 nollem
1101 2926 1215 3000 excidi
1244 2944 1295 3005 et.

140 3033 261 3121 super
279 3022 331 3098 uit
344 3035 464 3095 autem
478 3016 673 3116 Euergetes
688 3016 728 3092 in
742 3018 849 3096 initiis
865 3019 1057 3108 Antiochi,
1083 3022 1202 3100 occiso
1219 3025 1293 3117 jun
1428 3073 1434 3080 -

147 3128 302 3206 Seleuco
324 3118 515 3202 Cerauno,
540 3115 601 3189 sed
621 3114 725 3190 brevi
747 3136 890 3209 quoque
910 3114 1106 3192 defunctus.
1166 3119 1295 3199 Tradit
1409 3191 1411 3194 .

149 3238 295 3318 quoque
315 3210 393 3307 ipsss
414 3211 534 3284 verbis
556 3210 722 3302 Polybius
741 3231 784 3299 c,
808 3212 1051 3303 Antiochum,
1076 3231 1220 3291 mortuo
1234 3219 1295 3293 Pa.

148 3336 228 3408 tre,
252 3315 286 3390 dt
308 3311 419 3385 fratre
439 3305 632 3382 succeliore
655 3302 770 3395 fecte,
802 3309 844 3379 ad
857 3305 1025 3402 superiora
1048 3308 1136 3404 Aflm
1157 3320 1202 3385 mi
1224 3337 1296 3388 ras.

139 3417 202 3516 se,
227 3416 331 3507 ilique
346 3403 385 3500 se
408 3399 596 3500 detinuiffe,
630 3401 816 3476 Seleucum
835 3423 924 3478 vero
945 3404 1168 3494 Ceraunum,
1198 3337 1295 3484 Abu.

147 3535 231 3589 rum
253 3499 518 3601 transgress'um,
550 3519 616 3596 per
638 3497 759 3575 dolum
779 3498 882 3574 fuilie
904 3498 1048 3577 cresum:
1074 3501 1204 3596 ipfique
1218 3505 1293 3580 suc.

152 3604 279 3688 ceffilie
302 3598 533 3680 Antiochum.
588 3595 828 3770 Addikeffigm
846 3598 1051 3694 Appianas,
1090 3597 1294 3775 Ceratgnulgr

812 3716 833 3770 2
1208 3702 1243 3773 ui
1271 3724 1293 3776 e

190 3867 294 3932 aliid.
318 3865 358 3925 D.
391 3861 520 3927 Clericus
573 3859 648 3920 uest.
672 3854 692 3918 s.
720 3875 767 3934 27.
797 3862 937 3938 Cocceius
968 3866 998 3926 in
1017 3865 1089 3930 Lex.
1113 3865 1234 3934 Geierus
1256 3867 1292 3932 ad

153 3945 260 4012 Ecclei.
286 3958 332 4010 ru.
357 3959 383 4010 1.
516 3941 535 4004 l
584 3947 894 4018 ct.v11t42.xv:1t5.
1070 3943 1182 4008 eHist.
1216 3947 1294 4022 lsv,

153 4045 183 4108 P·
206 4041 271 4105 537·
