3464 4774
439 429 506 486 an
575 407 796 491 DAN.
883 415 1024 510 21:318·
1139 431 1141 442 ·
1222 437 1313 522 701,

144 580 298 676 ilbtdque
324 599 369 654 ex
388 579 707 674 menteprophetae
721 577 917 676 generalius
932 579 1038 668 esset,
1062 601 1130 656 nec
1144 580 1216 658 fine
1230 603 1290 658 er.

141 680 329 773 ceptione,
355 675 425 750 sese
441 677 484 750 ad
498 676 716 772 propositum
730 678 762 749 dc
778 694 990 770 praeceptam
1010 677 1105 771 spem
1124 703 1165 755 ac
1180 677 1291 754 consi·

138 775 293 852 dentiam
311 776 459 848 intrandi
474 795 617 870 quoque
633 773 853 862 extendens;
875 789 915 848 ut
930 797 975 850 ex
992 773 1214 870 sequentibus
1230 799 1288 872 pa·

136 885 213 963 tet,
239 873 433 968 repetitur,
465 871 525 945 ubi
548 870 594 944 de
620 885 708 944 terro
731 871 850 944 decoris
870 871 1010 966 agitur,
1037 874 1124 948 illud
1146 880 1291 965 uenire,

24 975 28 985 ’
135 987 179 1044 ut
200 991 278 1044 eam
297 968 376 1042 abiu
392 967 426 1040 dt
440 989 524 1040 cum
535 965 665 1039 effectu
679 965 748 1038 esse
763 967 959 1042 intrandam
975 968 1214 1046 indicaretur:
1232 993 1286 1046 ac·

135 1065 165 1140 fi
188 1065 346 1151 diceret,
371 1069 480 1135 ueniet
504 1067 545 1133 in
561 1075 685 1150 terras,
714 1059 755 1144 &⁹
769 1062 940 1134 inundabit
948 1089 963 1151 ,-
988 1070 1098 1160 utique
1114 1071 1150 1137 in
1166 1081 1291 1139 terram

137 1161 260 1235 decoris
290 1164 401 1232 veniet
433 1157 476 1241 ἐξ
498 1159 683 1230 inundabit.
741 1157 910 1231 Ceterum
934 1161 1039 1232 multo
1060 1158 1157 1234 istius
1182 1176 1287 1236 terrae

138 1255 241 1332 fuisse
257 1269 429 1350 occupata
444 1256 478 1329 &
493 1251 642 1345 vastata,
668 1274 712 1326 ex
725 1250 915 1344 historicis,
944 1253 1045 1350 supra
1068 1256 1208 1347 citatis,
1233 1273 1284 1333 te·

138 1351 350 1430 statiffimum
371 1350 432 1426 est.
489 1351 588 1426 Tota
617 1352 712 1426 enirn
734 1367 826 1425 terra
849 1372 930 1426 curn
949 1355 1152 1451 ingentibus
1173 1355 1292 1449 copiis·

137 1467 345 1550 peragrata,
377 1447 615 1536 aneensem,
640 1444 861 1526 mumttffima
879 1451 1011 1523 arcein
1029 1447 1192 1528 confiniis
1206 1453 1287 1528 idu-

135 1571 231 1626 maeae
254 1549 289 1636 ἃ
309 1547 458 1644 Judaeae,
492 1545 541 1621 ad
558 1545 775 1620 deditionem
794 1541 947 1635 redasta,
980 1545 1290 1642 Hierosolymam,

135 1669 215 1740 quae
241 1645 312 1718 sola
334 1643 505 1734 restabat,
530 1644 704 1738 perrexit,
735 1640 960 1740 Templumqne
977 1650 1222 1742 oppugnavit,
1243 1661 1290 1724 ut

134 1765 221 1818 mox
237 1742 279 1815 ad
299 1739 484 1834 vers..45.,
511 1761 704 1832 exponam
1218 1757 1221 1764 ·

186 1843 217 1930 §.
234 1837 424 1913 CCXXsV.
487 1841 519 1913 b.
544 1836 686 1911 Vicinas
714 1848 822 1912 terras
851 1837 918 1914 nbi
940 1837 1098 1934 expresse
1121 1840 1253 1934 excipit
1268 1891 1287 1934 ,·

134 1937 225 2012 vers.
246 1959 305 2028 4t.
331 1933 381 2008 Et
399 1939 458 2008 hae
473 1939 651 2031 eripientur
667 1959 682 2013 e
697 1958 796 2010 manu
811 1939 899 2032 ejus,
917 1933 1021 2010 Edam
1040 1935 1214 2028 &Moab
1240 1935 1288 2022 δ”

127 2038 288 2134 primitie
303 2029 452 2128 filiorum
471 2031 632 2120 Ammon,
666 2033 819 2128 populos
841 2033 919 2108 illos
940 2033 1012 2108 hoc
1032 2057 1177 2129 quoque
1193 2052 1283 2112 tem.

130 2153 244 2226 pore,
270 2145 311 2206 ut
329 2130 409 2205 fere
431 2129 594 2224 semper,
613 2129 713 2203 fuisse
735 2127 860 2222 Judaeis
881 2129 1042 2204 inimicos
1058 2131 1090 2201 dr
1106 2131 1286 2221 infestos,
1401 2181 1403 2186 -

130 2247 295 2302 necnon
317 2248 397 2300 cum
420 2248 501 2321 rege
526 2225 666 2311 secisse,
691 2225 723 2294 dr
746 2227 781 2296 in
797 2223 950 2316 Jndaeam
968 2246 1109 2316 quoque
1125 2226 1281 2316 irruisse,

130 2343 279 2416 eamque
301 2321 349 2394 ob
371 2321 543 2395 rationem
562 2321 606 2391 ab
621 2317 801 2392 hostilibus
818 2319 881 2390 iliis
900 2321 1009 2410 copiis
1024 2321 1114 2394 nihil·
1126 2322 1287 2414 passuros-

130 2419 201 2494 esse
227 2417 326 2506 maii,
351 2415 443 2489 baud
466 2412 613 2489 obscure
635 2414 761 2488 innuit.
811 2411 920 2512 Quod
945 2411 1277 2498 historiaeaccurate

127 2515 314 2594 convenit.
363 2511 548 2589 Antiocho
574 2511 670 2585 enim
694 2507 877 2604 Epiphane
901 2511 936 2584 in
959 2509 1131 2590 Persrdem
1156 2515 1277 2610 profe·

27 2629 33 2642 ·
132 2613 216 2703 sm,
242 2623 366 2710 gentes
389 2610 478 2694 iliae,
503 2605 675 2698 Esavitae,
699 2607 915 2682 Ammonitae
931 2608 1189 2700 &Galaaditae,
1213 2635 1283 2688 un.

126 2709 300 2805 diquaque
328 2711 371 2784 in.
390 2706 530 2802 Judaeos
557 2704 850 2794 insurrexerunt,
887 2707 1000 2798 paulo
1016 2721 1097 2780 ante
1120 2707 1273 2786 niortem

126 2805 341 2902 Epiphanis,
367 2805 526 2898 adeoque
547 2801 639 2878 haud
653 2803 718 2878 diu.
727 2819 808 2880 ante
824 2803 914 2876 hanc
929 2801 1116 2894 Eupatoris
1132 2807 1278 2904 expedi·

127 2903 285 2983 tionemt
312 2923 394 2979 cum
416 2903 541 2996 quibus
567 2921 694 2998 grave,
720 2898 783 2973 scd
796 2897 1117 2994 auspicatissimum,
1143 2905 1282 2982 bellum

125 3001 305 3116 gesserunt
325 2999 543 3087 Maccabei,
577 3013 620 3072 ut
651 2997 798 3072 rMacc.
819 3021 856 3073 v.
883 2996 959 3072 suse
983 2997 1156 3076 refertur.
1199 3003 1283 3080 Hos-

124 3096 254 3189 ttaque'
267 3097 418 3187 populos
439 3097 572 3170 mirum·
588 3114 662 3167 non
682 3091 732 3164 est
759 3093 905 3167 intactos
927 3095 1099 3187 reliquitse
1117 3099 1273 3194 Eupato-

125 3214 222 3282 rem,
247 3189 372 3287 partim
390 3189 469 3283 quia
482 3188 582 3262 amici
599 3202 699 3260 erant
714 3187 824 3282 regis,
850 3187 1095 3282 &Judaeorum
1112 3199 1280 3272 acerrimi

125 3287 265 3379 hostes,
287 3289 414 3383 partim
430 3301 467 3360 ut
482 3283 609 3377 Judaeis
624 3303 714 3380 aegre
733 3283 1022 3372 faceret,lrostes
1038 3308 1162 3364 eorum
1176 3313 1273 3366 com.

127 3385 335 3483 plestendo,
361 3381 501 3476 seseque
522 3379 661 3474 Judaeos
687 3380 790 3453 unice
814 3395 937 3466 petere
957 3381 1178 3460 manifestum
1196 3387 1272 3462 red.-

129 3486 251 3558 deret..
294 3481 375 3555 Nec
396 3480 542 3576 legimus
570 3477 724 3570 aliquem·
745 3477 917 3569 impetum
941 3497 1002 3552 eos
1028 3482 1070 3553 ab
1093 3479 1294 3574 Eupatore'

129 3581 201 3656 boc
218 3596 379 3672 ternpore
396 3575 548 3650 subiisse„
592 3574 699 3672 Quod
714 3573 755 3654 ad
769 3575 1038 3668 implementum
1052 3579 1189 3652 abunde
1206 3579 1274 3655 suf·

129 3675 215 3752 ficit.
266 3675 306 3750 ln
321 3673 496 3770 phrasrbus
514 3669 598 3746 nihii
616 3669 666 3744 est
682 3672 841 3759 obscuri,
867 3673 1183 3768 abinterpretibus
1198 3675 1279 3756 nou

127 3771 350 3872 expeditum..
403 3768 578 3847 Primitim
595 3769 901 3939 Ammosnitarum,
926 3769 1013 3848 ficut
1034 3771 1115 3848 aiibi
1138 3773 1273 3848 aAmo-

160 4011 179 4054 ι
199 3993 290 4056 Num·
314 4005 408 4052 xxxva
423 4004 478 4050 ar..
