3456 4784
418 377 505 472 ao*
538 339 679 474 DA
725 391 777 476 N.
816 411 917 480 xta
958 347 1052 500 7o
1246 364 1319 507 ⁴39

166 585 339 660 mutua
356 583 526 678 produxi,
551 607 629 679 quae
642 585 701 660 hic
713 583 901 665 sufficiunt.
951 586 1137 678 Restabat,
1153 605 1192 666 ut
1205 587 1319 664 Coele·

166 683 320 776 syriam,
345 682 632 767 Phoenicium&
652 684 893 774 Palaestinam,
932 708 1043 784 regno
1068 685 1129 760 suo
1153 688 1328 785 adjunge·-

162 781 304 872 ret‚-&
324 780 384 856 has
409 782 515 856 etiam
535 782 573 856 in
592 805 670 858 oras
685 783 771 860 illud
788 782 969 871 dilataret,
996 787 1159 878 viresque
1174 787 1319 884 Aegyp.

163 879 248 955 tiaci
269 882 370 977 regni
391 881 495 975 plane
517 879 719 977 frangeret,
743 883 828 975 quin
849 882 882 954 dc
903 881 940 954 in
963 881 1049 954 illud
1063 881 1175 976 ipsum
1191 905 1316 958 manus

160 976 340 1068 injiceret.
391 975 503 1075 Quod
522 998 605 1052 curn
626 977 732 1052 status
754 979 856 1076 regni
875 979 979 1072 plane
1002 980 1256 1069 conturbatus,
1280 981 1314 1054 dt

158 1074 379 1162 infirmatus,
404 1096 470 1168 per
486 1096 607 1172 regem
621 1077 889 1163 minorennem,
915 1075 1142 1150 Ptolemaeum
1164 1076 1315 1169 Epipha·
1396 1076 1401 1082 '

158 1193 270 1262 nem,
295 1188 447 1266 quatuor
470 1194 645 1246 annorum
668 1193 842 1266 puerum,
872 1174 933 1265 qui
955 1172 1171 1266 Philopaton‘
1189 1173 1313 1248 desun-
1361 1222 1362 1226 κ

158 1269 220 1346 tto
245 1291 372 1346 recens
395 1269 624 1359 successerat,
663 1269 873 1345 facillimum
895 1267 988 1344 fastu
1010 1270 1199 1357 redderet,
1233 1293 1311 1348 eam

156 1368 383 1444 occasionem
405 1389 490 1442 mox
508 1367 681 1462 adripuit,
715 1367 920 1444 &foedere
944 1389 1026 1442 cum
1049 1366 1212 1460 Philippo
1234 1367 1316 1440 Ma·-

155 1466 321 1540 cedoniae
336 1485 420 1562 rege
430 1463 556 1559 padio,
582 1489 655 1561 quo
675 1469 776 1562 regni
792 1465 1004 1562 Aegyptiaci
1017 1467 1218 1559 provincias
1233 1475 1311 1540 uni

156 1563 205 1640 tis
229 1563 363 1638 viribus
384 1585 429 1638 ex
451 1561 595 1636 diversis
619 1565 775 1658 partibus
797 1563 1095 1662 adgrederentur,
1121 1562 1309 1656 superatas·

10 1723 11 1726 t
152 1683 228 1756 que
240 1661 335 1735 inter
351 1658 387 1734 se
402 1659 623 1752 dividerent,
649 1661 848 1736 Antiochus
860 1667 1004 1759 primam
1018 1662 1057 1734 in
1071 1659 1307 1754 coelesyriam

9 1771 10 1822 ἲ
152 1759 190 1833 dt
211 1757 424 1834 Puaestinam
448 1757 603 1854 suscepit
623 1759 912 1854 expeditionem,
939 1781 1007 1852 qua
1024 1757 1125 1834 brevi
1143 1773 1306 1850 tempore

9 1873 10 1928 ῑ
151 1877 232 1932 eam
253 1855 465 1950 occupavit:
503 1857 586 1931 dein
598 1855 742 1952 secunda
757 1856 1009 1950 expeditione,
1033 1855 1148 1948 Scopa
1164 1857 1306 1952 Aegyp·
1410 1891 1411 1898 κ

150 1958 287 2031 tiorum
317 1954 437 2046 duce,
475 1955 535 2048 qui
557 1971 743 2049 receperat
771 1975 828 2028 eas
851 1955 1038 2050 regiones,
1071 1953 1115 2026 ad
1133 1952 1304 2042 Panium,

148 2073 264 2227 prope
284 2050 407 2128 fontes
427 2047 608 2144 Jardenis,
642 2051 852 2148 profligato,
886 2074 1010 2127 omnes
1029 2051 1103 2125 illas
1117 2064 1228 2124 terras
1241 2050 1303 2123 fibi

164 2175 189 2226 n
210 2165 424 2246 perpetuum
446 2146 617 2240 subjecit,
642 2171 726 2241 quas
747 2149 915 2241 deinceps
937 2149 1031 2222 dotis
1045 2145 1152 2220 instar
1165 2170 1249 2222 cum
1265 2144 1302 2219 ii·
1438 2145 1442 2155 ¹

146 2249 197 2325 lia
219 2245 412 2342 Cleopatra
422 2245 576 2316 reddidit
589 2245 782 2317 Ptolemaeo
798 2243 973 2336 Epiphani
988 2291 1000 2330 ,
1032 2258 1073 2316 ut
1092 2263 1138 2315 eo
1153 2259 1302 2334 praetex-

148 2361 192 2422 tu
215 2341 324 2438 ipsam
346 2340 556 2435 Aegyptum
580 2338 630 2416 sui
653 2339 738 2428 iuris
763 2339 912 2438 faceret.
962 2337 1044 2438 Qua
1064 2337 1126 2432 spe
1146 2335 1300 2431 dejedlus

146 2449 247 2520 arma
264 2441 301 2514 in
322 2436 506 2528 Europam
529 2437 661 2524 vertit,
686 2435 854 2529 belloque
876 2457 957 2510 cum
971 2435 1139 2510 Romanis
1154 2436 1301 2530 implici·
1402 2478 1404 2482 .

146 2557 230 2629 tus,
254 2533 393 2612 infelici
413 2531 558 2608 fortuna
573 2535 650 2608 usus
667 2531 738 2618 est,
764 2531 798 2605 &
816 2536 919 2608 brevi
934 2531 1012 2627 post
1028 2533 1233 2626 pudendum
1247 2535 1300 2612 in-

144 2640 252 2717 venit
277 2634 405 2710 satum.
461 2629 580 2730 Quam
605 2629 804 2718 historiam,
842 2629 1038 2706 summatim
1062 2630 1298 2725 propositam,
1415 2637 1426 2647 “

143 2759 192 2813 ex
213 2733 385 2827 Polybio,
410 2727 548 2822 Justino
562 2727 597 2801 dt
611 2727 736 2816 Livio,
760 2729 936 2823 precipue
958 2728 1210 2822 repetendam,
1236 2751 1297 2822 pe·

142 2837 268 2928 ricopa
283 2827 492 2927 prophetica
511 2825 599 2901 vers.
623 2847 749 2922 13··19.
780 2847 845 2920 per
862 2826 977 2902 varios
990 2826 1156 2901 articulos
1170 2849 1298 2920 reprae·

142 2933 282 3019 sentat,
306 2927 434 3000 ordine
449 2923 661 3000 illustranda.
708 2943 719 2970 ·

192 3033 230 3122 §.
250 3023 344 3105 XLl.
369 3019 505 3096 Primus
528 3023 695 3100 articulus
717 3022 854 3122 Regem
875 3021 1134 3116 Septentrionis
1147 3024 1186 3096 in
1204 3020 1296 3097 Coc·

140 3127 308 3223 lesyriam
334 3143 375 3196 ac
405 3119 616 3197 Palestinam
638 3124 743 3218 longe
765 3124 899 3214 majore
922 3121 1184 3214 &potentiore
1209 3143 1294 3198 cum

140 3224 303 3301 exercitu
328 3217 528 3306 reversum,
553 3217 966 3310 &triumphabundum,
997 3221 1035 3292 in
1056 3217 1193 3292 scenam
1210 3217 1293 3292 sistit

138 3321 230 3399 vers.
259 3341 314 3414 13.
338 3317 391 3390 his
418 3316 557 3390 verbis:
583 3312 633 3386 Et
656 3315 773 3388 reditu
795 3339 853 3387 rex
869 3313 1124 3408 Septentrionis,
1149 3311 1294 3402 &stare

88 3485 92 3494 .
133 3419 243 3521 faciet
269 3416 512 3493 multitudinem
532 3417 641 3509 priore
661 3412 838 3507 majoratu,-
870 3413 985 3482 etenim
1004 3413 1046 3483 od
1054 3406 1157 3502 finem
1176 3423 1291 3505 tempo·

141 3545 238 3609 rom,
263 3519 359 3590 annis
377 3509 624 3607 praeterlaplis,
659 3509 817 3582 ueniendo
842 3511 952 3588 veniet
968 3509 1009 3580 ad
1024 3510 1122 3579 rolrtr
1136 3529 1292 3602 magnum

140 3618 183 3703 s?
200 3611 408 3715 poffeffionem
427 3613 577 3685 multam.
608 3605 716 3706 Quae
736 3607 806 3680 huc
826 3604 989 3679 redeunt.
1038 3604 1136 3679 ldem
1153 3603 1210 3674 ille
1226 3624 1292 3681 rex

142 3709 429 3810 Septentrionis,
462 3706 540 3802 post
563 3705 779 3800 superiorem
804 3702 1068 3798 expeditionem
1093 3699 1288 3776 infeliciter

141 3809 296 3894 finitam,
330 3810 436 3900 rebus
457 3807 523 3881 suis
549 3805 689 3900 egregie
717 3801 823 3878 auslis
849 3802 882 3876 u
906 3799 1072 3889 firmatis,
1104 3799 1289 3894 prospero·

140 3931 224 4001 nnn¹
240 3908 382 3988 illorum
408 3917 609 4003 temporum
634 3901 697 4078 spp
717 3899 846 3990 finem,
874 3900 1008 3996 aliquot
1034 3901 1132 3976 annis
1147 3897 1287 3992 elapsis,

701 4021 827 4082 muta
1203 4019 1285 4077 cum
