3504 4782
193 423 204 430 ·
373 395 444 484 tu
543 359 1442 484 utssuutuutouut‘

375 581 531 658 futurus.
579 579 689 682 Quod
720 605 751 657 a.
772 603 818 655 ex
833 581 939 678 lapide
954 577 1085 674 liqu‘et,
1111 575 1192 670 qui,
1217 599 1291 651 non
1306 574 1370 651 nili
1384 569 1569 674 imagines,

317 703 320 708 ·
378 683 516 775 impetu
531 677 594 756 suo
608 681 769 774 disjeua,
794 681 831 754 in
845 693 982 752 montem
997 675 1211 773 exsurgeret.
1246 673 1355 751 Mons
1371 696 1460 748 vero
1477 673 1525 750 fa-

380 777 455 852 &us
468 799 617 874 regnum
630 776 828 852 sanctorum
845 771 1295 868 universalevtepraesentat.
1344 775 1379 847 b.
1404 793 1450 846 ex
1465 773 1527 846 tri·-

382 877 501 952 bunali
518 873 649 962 celesti
662 891 745 950 ante
761 873 902 965 ereuo,
926 871 1149 948 &sententia
1167 869 1320 960 judiciali
1348 885 1431 944 ante
1446 891 1528 947 ext-

243 958 254 988 *
381 975 520 1048 cutioni
535 973 637 1063 data,
652 994 757 1066 quam
774 971 881 1046 Filius
897 971 1049 1046 hominis
1069 972 1105 1042 in
1120 989 1269 1064 regnum
1285 965 1337 1041 est
1350 967 1528 1042 immiffus.

382 1093 460 1166 cap.
477 1092 561 1146 vu.
613 1092 645 1146 c.
672 1069 844 1156 Accedit,
871 1069 1020 1161 lapidem
1040 1070 1078 1141 in
1098 1068 1190 1161 pedes
1207 1063 1345 1154 colossi,
1371 1057 1532 1160 adeoque

383 1167 422 1244 in
436 1183 600 1262 quartum
616 1188 787 1264 regnum,
812 1187 884 1260 quo
898 1183 1063 1260 tempore
1075 1163 1119 1236 ad
1133 1159 1240 1238 finem
1257 1164 1354 1238 suum
1367 1184 1439 1256 Jam
1455 1185 1532 1260 per·

385 1279 564 1351 venerat,
588 1266 732 1340 demum
746 1262 937 1360 impegisse.
990 1263 1125 1336 Verum
1143 1261 1282 1355 quidem
1298 1259 1378 1349 est,
1395 1264 1541 1360 regnum·

388 1367 535 1436 celorum
550 1362 619 1436 dici
634 1362 842 1476 erigengium
858 1364 1049 1457 temporibus
1068 1363 1180 1434 horum
1193 1383 1306 1456 regum
1323 1381 1399 1454 cap.
1416 1381 1458 1433 11:
1472 1383 1531 1452 44.
1576 1445 1581 1450 ¹

388 1464 581 1534 ultimorum
595 1459 784 1548 nimirum,
802 1481 865 1554 per
881 1460 1007 1557 digitos
1021 1457 1260 1553 expitiorum,
1285 1459 1321 1532 in
1337 1458 1462 1552 quibus
1477 1459 1536 1531 de·

272 1601 279 1616 ι
390 1557 471 1632 finit
492 1578 531 1630 re
556 1577 640 1631 num
664 1573 848 1650 quartum,
885 1571 925 1630 ut
947 1578 993 1632 ex
1019 1577 1115 1630 nexu
1135 1577 1217 1630 cum
1238 1553 1475 1652 superioribus
1499 1557 1535 1626 ii-

392 1669 498 1748 quet:
524 1579 585 1726 iged
599 1674 649 1752 eu
657 1673 706 1748 eo
725 1655 812 1728 nihil
830 1653 923 1726 aliud
940 1651 991 1725 est
1008 1653 1270 1750 colligendum,
1295 1662 1340 1726 ac*
1352 1651 1464 1726 stante
1481 1653 1547 1726 ud-⁴

393 1741 465 1828 huc
486 1773 599 1849 regno
621 1749 994 1844 quarto·fundamenta
1017 1755 1127 1846 quinti
1147 1753 1249 1850 regni
1271 1749 1340 1823 effe
1352 1750 1539 1842 iacienda,

396 1849 432 1922 &
455 1851 613 1943 priorem
638 1849 712 1940 ejus
736 1847 889 1924 formem
911 1849 1118 1938 militarem,
1151 1871 1216 1943 per
1232 1849 1369 1944 lapidem
1390 1847 1544 1924 delinea-

397 1961 491 2032 tam,
519 1968 596 2038 quae
611 1943 746 2022 causam
761 1947 796 2022 iu
810 1943 1030 2021 occafionem
1046 1945 1291 2020 destrutiionis
1314 1950 1413 2044 regni
1432 1951 1545 2042 quarti

397 2044 596 2138 preberet,
612 2043 733 2118 locum
748 2043 963 2134 habituram
977 2043 1053 2138 ipso
1069 2064 1180 2142 regno
1194 2043 1367 2138 quinto&
1384 2065 1468 2116 vera
1485 2043 1545 2117 sua

340 2220 345 2232 ,
398 2137 688 2240 specie&indole
703 2127 854 2216 non'niss
868 2138 948 2234 post
962 2141 1118 2218 deletum
1133 2162 1282 2238 regnum
1296 2157 1445 2238 quartum
1461 2147 1547 2215 co'n·

375 2237 534 2331 ‚dende
584 2239 747 2338 Regnum
762 2241 857 2314 enim
874 2235 1071 2314 saneorum
1085 2261 1159 2332 non¹
1176 2243 1281 2334 lapis,
1308 2238 1368 2313 sed
1390 2260 1478 2315 mons
1502 2259 1548 2312 ex

401 2357 450 2414 eo
462 2353 583 2426 ortus,
608 2335 774 2412 delineat.
824 2335 882 2410 De
899 2347 970 2434 qut)
988 2335 1107 2430 postea
1125 2337 1282 2430 pluribus
1297 2359 1408 2436 agam.
1551 2412 1554 2422 ,

451 2439 485 2527 §.
509 2431 590 2509 Vll.
617 2435 723 2512 Hunc
736 2439 849 2530 quarti
865 2433 964 2604 reffui
983 2435 1196 2514 terminum,
1221 2452 1262 2507 ut
1279 2435 1351 2510 vim
1365 2457 1558 2532 argument

404 2533 434 2608 ti
452 2529 654 2620 ostendam,
679 2553 699 2604 a
715 2529 861 2605 Romano
876 2553 897 2602 e
927 2551 1066 2626 equam
1082 2529 1338 2619 alieniffimum,
1364 2531 1559 2630 fiquintum'

405 2649 558 2726 regnum
579 2651 602 2702 a
620 2625 741 2700 Mesua
765 2629 910 2720 ejusque
933 2629 1168 2718 exaltatione,
1192 2651 1266 2721 que
1289 2629 1484 2706 multorum
1502 2629 1561 2704 e'st'

405 2723 553 2818 opinio,
584 2738 788 2818 repetatur,
812 2723 948 2798 nemini
969 2745 1063 2814 non,
1094 2749 1115 2800 a
1134 2726 1363 2820 praejudicatis
1378 2730 1553 2823 opinioni·

336 2905 340 2920 .
408 2825 475 2894 bus
489 2821 623 2906 libero,
648 2819 773 2912 sponte
788 2819 895 2896 suain
910 2821 1034 2897 oculos
1048 2825 1210 2898 incurrit.
1259 2827 1294 2900 T
1296 2847 1442 2921 empore
1457 2825 1555 2902 enim

410 2913 540 2991 Christi
554 2931 693 2992 tuntum
707 2914 824 3008 abest,
850 2933 889 2993 ut
902 2917 1104 2995 Romanum
1117 2921 1305 3017 imperium
1321 2923 1432 2998 fuerit
1447 2945 1468 2997 e
1483 2943 1555 2998 me-

412 3013 474 3088 dio
488 3011 683 3102 sublatum,
710 3028 888 3089 utcontra
903 3019 941 3090 in
958 3015 1095 3094 summo
1114 3035 1200 3094 tunc
1217 3022 1340 3116 uigore
1355 3021 1387 3094 ἃ
1403 3023 1562 3097 culmine

412 3109 571 3201 steterit,
588 3112 623 3185 δι
638 3109 819 3188 diutiffitne
834 3111 912 3207 post
925 3111 1165 3195 statum-suum
1180 3115 1274 3190 tetie
1288 3117 1398 3194 fuerit
1413 3120 1564 3206 tuitum„

412 3205 498 3308 Quo
513 3208 672 3297 accedit,
699 3207 900 3287 Romanum
916 3211 1105 3306 imperium
1123 3215 1230 3288 abeo
1250 3215 1324 3310 ipso
1340 3231 1502 3310 tempore
1520 3217 1557 3286 li·

414 3327 499 3382 neas
514 3303 618 3401 testie
634 3308 776 3384 demum
800 3307 961 3405 prestere
985 3310 1133 3403 cepisse,
1158 3333 1239 3386 cum
1258 3314 1352 3406 quod
1369 3311 1558 3385 Monarchi-

415 3427 487 3478 tam
502 3404 658 3480 induerit
672 3405 825 3482 formam
835 3456 848 3496 ,
860 3429 964 3501 quam
981 3405 1098 3483 bestiae
1113 3409 1317 3502 requirunt,
1343 3433 1362 3485 a
1377 3407 1472 3504 Julio
1486 3407 1561 3483 Cae·

416 3499 491 3577 sare
512 3501 768 3593 introduiiem,
790 3517 836 3588 ut
853 3506 992 3582 Pausau.
1014 3507 1051 3579 in
1070 3505 1202 3580 Lacon.
1220 3527 1254 3601 p.
1282 3529 1364 3603 ²32·
1385 3508 1455 3596 ait,
1481 3523 1560 3582 tum

417 3598 514 3690 quod
535 3602 573 3674 in
589 3601 761 3693 populum
777 3600 847 3687 Dei
862 3617 950 3676 tunc
964 3603 1152 3678 tantum&
1172 3625 1245 3678 uon
1263 3623 1366 3680 antea
1388 3603 1565 3682 hostilitet'

418 3695 581 3769 irruerit:
606 3697 700 3788 quod
723 3698 781 3772 hic
803 3697 848 3770 de
872 3713 990 3792 quarta
1012 3697 1123 3773 bestia
1136 3701 1297 3777 habetur.
1347 3701 1439 3800 Quae
1466 3703 1561 3776 enim
1612 3773 1615 3778 .

419 3787 531 3882 ludaei
548 3789 749 3867 aRomanis
764 3791 956 3886 pausant,
982 3810 1022 3870 ut
1041 3793 1200 3872 Meffiem
1221 3799 1398 3892 precipue
1414 3820 1562 3891 excepe-

418 3901 525 3979 runt,
549 3883 595 3962 iic
614 3889 722 3988 lenge
736 3891 842 3970 alium
857 3889 1083 3990 conspectum
1096 3891 1242 3988 ferunt,
1266 3915 1335 3976 nec
1357 3897 1434 3972 ullo
1451 3895 1561 4068 ιιὲοᾴο

419 4051 426 4060 .
514 4011 524 4028 “
1483 4007 1565 4066 atu·
