3504 4782
427 359 498 436 180
581 333 1409 426 DISSERTATIONES

430 557 512 630 tur,
536 533 580 610 ad
601 534 715 610 solum
737 545 879 626 paruum
902 521 1017 600 co'rnu
1037 537 1168 618 quarta
1185 521 1293 616 serae,
1320 541 1395 600 non
1410 523 1453 598 ad
1470 524 1578 621 ipsam

422 637 600 720 bestiam,
625 629 796 704 &decem
813 627 888 717 ejus
903 644 1058 710 cornua,
1084 621 1242 696 conferri
1257 623 1374 714 aliquo
1388 623 1498 708 modo¹
1514 648 1576 720 po·

430 730 520 819 test,
546 750 627 804 cum
648 727 685 800 in
706 725 854 818 Apocal.
878 737 918 796 ut
940 717 1010 814 ipsa
1025 717 1159 804 bestia,
1175 715 1229 794 ¹src
1247 717 1395 792 &decem
1411 721 1486 812 ejus
1501 743 1579 796 cor-

431 849 504 902 nua
524 826 567 900 ad
590 822 786 898 dominium
810 817 986 913 spirituale
1010 817 1114 890 unice
1136 813 1331 909 respiciant.
1380 818 1411 889 d.
1436 815 1577 916 Quarta

432 923 542 999 bestia
565 926 698 994 lutiam
723 937 806 990 mox
828 913 990 1006 excepit,
1016 909 1074 984 sed
1095 912 1375 1004 apocalyptica,
1402 917 1479 1005 quae
1501 915 1576 992 An.

432 1015 577 1096 tichristi
599 1035 747 1112 regnum
771 1013 951 1108 expinglt,
976 1030 1050 1082 non
1068 1007 1127 1080 nisr
1152 1029 1238 1081 mmo
1253 1007 1501 1084 Christianismi
1523 1010 1576 1085 se-

431 1119 516 1191 culo
536 1114 607 1187 sese
628 1109 841 1198 ostentavit,
866 1111 1025 1197 adeoque
1050 1104 1282 1199 plurimorum
1303 1103 1500 1181 seculorum
1520 1108 1574 1184 ln.

433 1213 613 1299 tervallo,
644 1206 670 1278 sr
695 1207 752 1279 vel
776 1202 1127 1298 ,Syro-Macedonum
1159 1221 1305 1296 regnum
1339 1222 1403 1293 per
1431 1203 1574 1282 tertiam

432 1307 578 1386 bestiam
599 1304 835 1400 intelligatur,
860 1301 1051 1374 recentior.
1106 1321 1133 1370 t.
1158 1295 1347 1393 Denique,
1374 1313 1491 1392 quarta
1514 1302 1575 1375 be.

433 1404 497 1482 stia
518 1404 675 1489 sublata,
706 1399 792 1474 nihil
817 1419 944 1470 eorum
972 1416 1190 1491 regnorum,
1224 1417 1300 1487 quaa
1327 1417 1390 1488 per
1421 1393 1513 1470 seras
1537 1399 1575 1474 dt

431 1500 603 1576 colossum
634 1496 879 1590 repraesentata
913 1492 1012 1578 sunt,
1045 1492 1190 1584 amplius
1220 1491 1380 1578 restabit,
1411 1507 1451 1566 ut
1473 1490 1575 1588 supra

433 1597 589 1672 evitium
613 1591 685 1666 est:
720 1591 809 1678 sed,
826 1589 936 1664 bestia
959 1588 1214 1682 Apocalyptica
1238 1587 1352 1661 occisa
1375 1587 1407 1660 dt
1429 1590 1573 1679 deleta,

293 1737 298 1746 ι
405 1752 409 1761 ,
432 1695 558 1768 eadem
579 1688 702 1766 rnundi
722 1709 830 1784 regna
851 1687 1084 1778 supererunt,
1108 1683 1448 1766 &Dominierunta
1476 1702 1514 1761 ut
1528 1707 1574 1762 ex

431 1787 582 1884 Apocal.
605 1779 853 1860 testatiffimum
879 1777 942 1856 est.
993 1779 1115 1878 Quid?
1142 1780 1237 1872 quod
1261 1780 1331 1873 ipsa
1359 1782 1415 1854 illa
1439 1803 1574 1879 regna,

433 1904 514 1982 qnae
531 1882 648 1961 bestiae
669 1879 979 1966 comuafuerant,
1005 1899 1083 1952 earn
1100 1875 1401 1953 fint'destrudiura.
1452 1880 1572 1973 Apoc.

429 2004 523 2060 xvrr.
1441 2032 1444 2038 .

480 2085 512 2172 §.
538 2075 671 2153 XXIV:
722 2097 754 2170 3.
780 2073 964 2167 Denique,
987 2092 1032 2146 ne
1055 2071 1151 2164 quis,
1177 2071 1233 2163 qui
1260 2085 1357 2147 tanta
1379 2071 1570 2168 discrepan-

429 2178 481 2254 tia
502 2191 620 2254 motus
642 2172 826 2268 utriusque
847 2168 964 2244 beliiae
984 2166 1161 2242 diversum
1184 2167 1252 2242 elle
1276 2167 1487 2246 intelletum
1512 2171 1571 2244 ad-

412 2273 564 2363 ¹mittit,
582 2271 632 2344 ad
653 2268 941 2347 convenientiam
963 2280 1079 2340 tamen
1102 2265 1341 2339 obhaerescere
1363 2283 1511 2364 pergat,
1533 2266 1573 2342 bt

429 2393 477 2446 ex
497 2393 539 2446 ea
554 2368 641 2444 illud
655 2368 698 2443 ad
718 2368 901 2455 minimum
924 2362 1161 2460 colligendum
1185 2361 1254 2435 esse
1275 2367 1488 2453 contendat,
1512 2367 1578 2441 be.

427 2467 529 2544 stiam
551 2463 844 2560 Apocalypticam
865 2460 908 2535 ad
929 2461 1078 2553 aliquam
1097 2455 1213 2532 bestiae
1231 2477 1363 2552 quartae
1381 2463 1573 2554 periodum

429 2565 634 2658 pertinere,
659 2559 834 2650 &aliquid
851 2557 894 2629 de
912 2577 956 2627 ea
971 2557 1019 2630 ob
1042 2555 1165 2628 oculos
1185 2578 1342 2649 ponere,
1367 2578 1448 2632 cum
1466 2573 1574 2632 caete·

429 2661 560 2752 roquln
579 2669 684 2730 tantae
706 2652 934 2728 similitudinis
955 2652 1045 2722 ratio
1060 2673 1132 2726 non
1149 2651 1306 2726 constet:
1338 2675 1369 2726 a.
1395 2655 1482 2730 illud
1499 2677 1573 2730 non

430 2753 495 2829 nih
519 2755 588 2824 hoc
609 2749 843 2824 fundamento
866 2748 931 2820 niti
953 2745 1130 2822 observari
1154 2749 1283 2840 velim,
1309 2748 1452 2828 bestiam
1475 2755 1573 2844 Apo·

432 2849 641 2941 calypticam
665 2845 822 2939 ejusdem
843 2843 912 2916 else
937 2843 1130 2935 tyrannidis
1160 2848 1360 2934 emblema,
1395 2850 1492 2941 cujus
1518 2846 1569 2922 est

431 2968 533 3019 cornu
554 2959 727 3040 paruum,
759 2941 801 3016 ad
826 2942 926 3032 quus
955 2941 1261 3033 blasphemiam&
1288 2943 1569 3036 persecutionem

428 3045 536 3120 unice
552 3043 590 3115 in
603 3039 837 3132 descriptione
847 3035 963 3112 bestiae
975 3039 1238 3130 Apocalypticae
1253 3039 1435 3134 respicitur
1463 3041 1572 3141 Quod

430 3132 704 3214 fundamentum
729 3157 833 3230 quam
857 3135 898 3208 srt
922 3131 1110 3209 sublestum
1129 3135 1162 3207 dr
1178 3137 1332 3226 nullum,
1359 3151 1399 3210 ut
1414 3158 1458 3214 ex
1473 3146 1575 3230 lupra

431 3233 528 3310 ditiis
543 3233 731 3322 elucescit,
758 3233 802 3308 sac
818 3233 861 3306 ab
877 3233 950 3305 allis
965 3228 1173 3306 destrutlnm
1197 3231 1267 3319 est,
1294 3235 1354 3326 qni
1375 3255 1448 3308 non
1469 3235 1572 3311 Anti.

429 3331 687 3418 Christianum,
703 3330 761 3403 scd
776 3330 1028 3410 Osmannicum
1045 3343 1193 3425 regnum
1209 3330 1244 3401 in
1259 3344 1363 3424 parvo
1379 3353 1476 3406 cornu
1488 3351 1573 3406 con·

428 3427 644 3526 spiciendum
677 3428 824 3522 praeberi
853 3424 1085 3512 contendunt.
1125 3427 1172 3499 'h
1199 3425 1370 3499 Praetcrea
1390 3427 1575 3520 aliqualem

429 3531 683 3603 emblematum
713 3524 970 3620 Prophetarum
1002 3519 1048 3596 V.
1072 3522 1105 3595 dr
1129 3519 1177 3594 N.
1205 3519 1251 3592 Τ.
1285 3525 1574 3602 convenientiam

429 3624 512 3698 huic
532 3621 717 3716 hxpotheli
740 3644 814 3695 non
840 3611 998 3693 sufficere
1027 3615 1204 3692 firmandae
1225 3619 1283 3712 qui
1313 3619 1472 3696 nondum
1495 3643 1573 3716 per·

429 3717 601 3812 spexerit,
614 3715 899 3812 ,Apocalypticas
917 3713 1109 3812 Imagines,
1123 3714 1166 3786 ad
1182 3735 1238 3788 eas
1255 3715 1510 3810 Prophetarum
1524 3717 1572 3796 V.

419 3811 473 3912 -Tr
495 3809 611 3910 paffim
636 3811 758 3905 litias,
784 3813 939 3909 relegat,
965 3813 998 3888 dr
1022 3811 1223 3892 eorundum
1246 3811 1315 3886 elle
1338 3811 1574 3986 subjetlorppn

441 3968 444 3976 ’
493 3967 496 3974 ’
1153 3959 1155 3964 ’
1559 3961 1574 4004 2
