3504 4782
177 475 203 492 ,,
301 402 1310 510 tsvnrrcrurnnANIELIS·⁸5

158 594 285 673 erenum
312 621 384 672 cum
410 603 559 688 acinace,
593 623 684 696 qnam
705 599 856 695 lirinum
878 606 1026 694 tenebar,
1059 609 1308 714 invenerunt),

156 706 317 792 ἐχιιρὲντο,
343 693 614 820 &oppresserunt
636 721 676 772 ac
701 697 964 791 interfecerunt,
991 717 1032 776 ut
1053 723 1096 775 ex
1112 701 1180 797 seq.
1195 717 1307 796 patet.

154 793 201 866 fic
219 792 298 868 Hes.
322 797 545 890 χειρωτσισθαι,
577 793 755 886 inordina,
795 808 952 893 Φονειῖσοω.
1010 799 1119 898 Quod
1142 825 1162 872 a
1187 798 1328 872 Berosl‘'

147 892 348 966 narratione
370 913 485 984 prope
506 891 612 966 abest.
663 891 776 968 Erant
801 899 897 972 enim
922 897 1072 990 Gadatai
1093 898 1127 969 dr
1151 897 1310 968 Gobriuni

33 965 35 1058 ἕ
146 987 322 1082 principes
337 987 610 1086 Babyloniorum
624 992 712 1080 viri,
737 991 876 1090 &regis
890 993 1007 1067 intimi
1024 995 1225 1081 consiliarii,
1243 991 1306 1086 qui

130 1083 268 1180 'insigni
297 1087 340 1160 ab
368 1085 414 1159 eo
435 1085 563 1160 adfecti
587 1088 714 1178 injuria
734 1088 864 1163 Medos
887 1087 1083 1166 incitarunt
1109 1091 1308 1179 &adjuve-

33 1221 34 1226 =
142 1197 252 1272 runt,
276 1173 489 1266 haudvsecus
511 1204 553 1254 ac
574 1181 695 1274 postea
706 1184 890 1280 Harpagus
905 1184 1040 1276 Cyrum
1054 1187 1100 1258 ad
1112 1186 1231 1258 Medis
1243 1189 1308 1258 im·

33 1291 35 1306 “
140 1280 290 1374 perium
318 1278 561 1370 eripiendum,
594 1278 806 1370 propriaque
826 1299 933 1352 manu
956 1301 1040 1353 eum
1062 1280 1309 1354 trucidarunt:

139 1398 218 1469 quo
240 1371 387 1466 peraito
407 1391 573 1467 tanquam
588 1373 757 1466 praeclaro
772 1374 932 1450 facinore
946 1374 1054 1452 latati
1068 1375 1166 1464 sunt,
1192 1374 1311 1468 &Cy-

33 1557 34 1560 ,
140 1493 179 1546 ro
191 1469 330 1568 gratias
343 1467 409 1563 pro
426 1469 577 1542 vindiiia
592 1471 636 1538 ab
651 1471 762 1559 impio
777 1493 862 1564 rege
875 1473 986 1542 sumta
1001 1473 1308 1638 eperunneodem

144 1569 185 1644 n.
213 1563 319 1642 teste.
370 1562 427 1638 Ex
447 1587 520 1657 quo
540 1585 616 1659 quae
637 1563 792 1658 ipsorum
817 1564 855 1640 in
876 1564 946 1638 hoc
969 1565 1027 1640 bel
1041 1589 1065 1638 o
1087 1578 1205 1659 partes
1227 1566 1305 1640 fue·

144 1678 246 1754 runt,
272 1661 378 1734 facile
400 1663 529 1734 elucet.
583 1660 705 1732 Utitur
728 1660 875 1734 Berosus
899 1663 1010 1739 verbo
1031 1668 1306 1760 ὠπατυμπωνίζεσ·

144 1765 232 1850 θαι,
256 1757 350 1853 quod
370 1758 518 1851 proprie
541 1756 682 1850 quidem
703 1754 808 1847 dicit,
829 1754 978 1850 fustibus
1001 1760 1044 1830 ad
1058 1775 1193 1834 mntem
1208 1763 1305 1851 caii,

143 1857 206 1930 sed
236 1855 332 1930 latius
361 1857 406 1928 de
435 1875 647 1949 quacunque
669 1853 828 1932 violenta
847 1877 937 1931 nece
956 1853 1127 1948 sumitur,
1160 1857 1203 1932 de
1231 1878 1305 1952 quo

145 1955 220 2029 uid.
236 1953 279 2028 T.
296 1954 492 2028 Gatakerus
506 1950 656 2027 Advers.
671 1951 772 2028 Misc.
789 1973 864 2049 cap.
879 1958 939 2046 46.
1388 1995 1390 1999 ·

195 2057 233 2142 §.
248 2050 407 2129 XXXIX.
430 2049 596 2148 Regnum
609 2051 727 2145 itaque
741 2051 1016 2146 Babylonicum,
1041 2059 1167 2132 urbea
1188 2057 1305 2130 Medis
1437 2071 1438 2076 ‘

145 2163 339 2243 occupata,
365 2147 566 2242 Babyloniis
592 2163 758 2241 ereptum
780 2153 1050 2244 conjuratorum
1069 2153 1243 2252 smiragiis
1259 2151 1304 2227 ad

33 2241 35 2254 ³
143 2244 297 2321 Darium
315 2245 483 2336 Medtun,
518 2246 579 2340 qui
599 2242 651 2319 est
674 2244 890 2322 Naionadins
912 2247 1051 2337 Berofi,
1083 2250 1117 2324 dt
1140 2249 1307 2340 Cyaxaris

33 4017 36 4128 l

33 4169 35 4278 l

33 4379 36 4508 l

143 2339 418 2434 Xenophontis,
441 2343 592 2433 tranliit,
616 2341 677 2438 qui
691 2342 775 2416 illud
791 2365 834 2436 17
849 2365 961 2419 annos
975 2346 1103 2419 tenuit.
1159 2345 1218 2416 De
1231 2365 1307 2435 quo

145 2455 479 2534 antequamagam,
514 2439 750 2534 conjecturam
771 2439 815 2513 de
837 2439 949 2514 Dario
969 2439 1084 2512 Medo
1115 2435 1306 2512 Nabanadia

144 2557 222 2614 non
239 2535 382 2630 polium
397 2536 480 2628 quin
493 2559 535 2610 ex
545 2538 705 2614 laterculi
721 2559 761 2610 re
787 2559 868 2627 um,
888 2539 925 2612 in
940 2534 1088 2610 Canone
1104 2535 1305 2626 Ptolemaei,

145 2634 244 2728 quod
265 2634 309 2746 in·
324 2629 516 2745 Nabonadio
536 2632 678 2748 finitur,
710 2559 1037 2748 inlbriptionetuno
1060 2633 1176 2711 verbo
1189 2633 1307 2707 ohser-

145 2731 1305 2927 institituitstatianamitit‘'illlatlitt

146 2922 342 3016 Merionen,
369 2925 394 2998 fi
415 2947 436 3000 a
494 2926 694 3002 abonnadio
715 2925 929 3019 discelieris,
961 2925 1031 3001 sese
1054 2927 1091 3002 in
1106 2941 1186 3000 toto
1201 2927 1305 3000 later-

149 3022 236 3094 culo
255 3021 382 3112 offert,
407 3022 567 3118 adeoque
586 3024 646 3098 uel
668 3025 696 3096 is
716 3021 889 3098 Medorum
916 3049 993 3113 ren,
1018 3025 1078 3098 vel
1099 3021 1182 3097 falsa
1200 3021 1239 3096 sit
1255 3023 1305 3098 in-

145 3116 317 3212 scriptio,
355 3119 490 3194 necelle
519 3119 582 3195 est.
632 3120 741 3220 Quod
768 3145 788 3196 a
810 3121 933 3198 Doitis
956 3119 1075 3218 pallini
1096 3121 1306 3216 praetermis·

146 3214 248 3304 sum,
272 3217 315 3291 ab
343 3215 857 3293 lll.Marsham.Sec.xv111.
880 3245 916 3315 p.
938 3241 1020 3316 597.
1043 3219 1086 3292 ad
1101 3217 1304 3316 Neriglilio-
1359 3239 1363 3250 ’

146 3335 222 3389 rem
238 3331 372 3390 temere
386 3315 612 3406 adplicitum,
638 3312 696 3385 hic
712 3336 788 3387 non
804 3329 880 3390 erat
894 3317 1156 3411 negligendum.

198 3415 231 3500 §.
249 3411 320 3488 xl„
374 3435 411 3504 4.
433 3415 500 3488 Sex
520 3433 632 3487 annos
655 3411 725 3486 vix·
738 3413 923 3501 tranquille
947 3426 1112 3508 exegerat
1134 3411 1172 3480 in
1194 3431 1307 3506 regno

144 3502 363 3600 Babylonico
400 3510 549 3603 Darius,
588 3529 698 3603 quum
725 3506 860 3601 Cyrus,
900 3507 972 3580 five
1001 3507 1106 3578 rebus
1136 3505 1305 3601 prospere

169 3605 246 3678 estis
268 3608 401 3696 elatus,
427 3608 499 3682 slve
524 3605 725 3684 ambitionis
748 3603 854 3682 oestro
869 3605 1044 3700 percitus,
1070 3603 1140 3677 five
1157 3606 1305 3686 etiamn

189 3705 260 3778 edis
273 3729 340 3797 pro
354 3727 467 3798 opera
482 3707 559 3799 ipiis
575 3706 611 3783 in
626 3703 848 3798 Babylonico
864 3705 976 3804 regno
991 3703 1200 3797 occupando
1218 3728 1309 3800 praa-

141 3794 221 3874 stita
252 3802 397 3900 indigne
422 3801 609 3896 traitatus,
649 3802 729 3878 ania
751 3801 813 3896 ipsi
837 3825 901 3900 per
926 3805 1126 3901 Harpagum
1147 3803 1305 3897 aliosque

141 3892 267 3977 Patria
289 3900 491 3998 proditores
513 3901 612 3994 data,
639 3901 824 4081 PersasLad
844 3900 1081 3983 deicilionem
1101 3901 1258 4075 aMedig
1270 3905 1308 4072 dit

803 4021 822 4095 3
1260 4019 1308 4072 e·
