3418 4754
417 451 491 541 mo
597 359 1424 504 or'ssnarnrronrs

423 602 544 684 tradit.
570 595 622 674 lll.
647 597 694 676 ll.
717 595 865 673 Grotius
887 592 926 670 B.
952 589 985 669 dc
1006 591 1044 670 P.
1062 591 1088 669 l.
1109 613 1144 667 ιι.
1166 613 1201 672 r„
1230 614 1268 671 1.
1291 597 1322 686 d.
1348 615 1379 670 r.
1409 593 1572 675 aliiehoc

422 703 533 776 etiam
559 693 677 774 firmat
699 691 916 770 testimoniis.
944 689 1025 768 Vid.
1046 711 1189 786 quoque
1204 689 1279 770 Cic.
1294 689 1371 787 Qff.
1388 692 1411 766 l.
1435 715 1466 770 r.
1488 715 1521 770 e.
1541 700 1574 772 82

422 797 481 872 De
503 791 665 892 Augusto
686 793 785 870 Suet.
806 813 840 866 c.
865 811 944 878 an,
979 811 1037 862 ner
1051 791 1114 861 ulli
1128 785 1409 886 genrifinejuslir
1422 789 1457 865 da
1471 817 1577 868 necer-

409 894 521 994 sun'is
537 888 640 974 raufir
656 889 772 964 lelium
788 891 917 962 intulit.
966 883 1050 985 Quo
1068 885 1296 980 eumfacit,
1321 883 1471 963 Romam
1487 905 1576 969 tunt

421 981 1577 1178 narniln²nn1nullusilenitem

422 1142 681 1274 constituendum
709 1182 780 1278 ejus
801 1131 979 1276 lmpirium
1003 1179 1163 1258 uirtutem
1187 1175 1413 1270 &furiarum
1429 1135 1577 1280 (Propi.

427 1282 584 1358 dentiam
600 1281 716 1376 potius
737 1278 853 1376 dicas)
868 1269 1059 1372 concurnffe
1075 1275 1195 1350 videri.
1222 1273 1303 1348 Vid.
1321 1275 1366 1347 de
1381 1277 1576 1373 virtutibus

423 1379 672 1456 Rornanorum
699 1373 795 1450 Flor.
823 1375 844 1448 l.
872 1395 929 1449 rr:
958 1393 1012 1466 19·
1043 1372 1150 1446 &rm
1177 1393 1232 1446 ra.
1258 1369 1379 1448 salust.
1398 1376 1436 1449 in
1451 1376 1579 1467 Catil,

427 1477 466 1550 dc
487 1474 574 1551 llist.
597 1474 620 1547 l.
647 1495 677 1547 r.
700 1495 734 1569 p.
754 1476 842 1567 384.
892 1469 1017 1546 Neca
1037 1466 1145 1562 scopo
1166 1467 1320 1544 alienum
1336 1468 1580 1549 sueritobser·

425 1572 551 1650 valle.
577 1574 782 1643 clementium
802 1571 839 1642 in
862 1565 1020 1642 deviiios
1044 1565 1217 1660 populos,
1243 1588 1311 1662 qua
1332 1582 1418 1642 tunc
1436 1569 1488 1644 uli
1505 1571 1583 1647 fue·
1606 1665 1610 1673 .

425 1684 512 1746 runt
533 1665 706 1754 Romani,
728 1664 760 1738 dt
775 1661 973 1759 fidelitatem
994 1663 1029 1738 in
1053 1663 1194 1752 Socios,
1229 1664 1422 1740 multorum
1445 1669 1584 1744 animoa

428 1767 474 1840 dd
494 1786 557 1840 eos
582 1760 782 1850 inclinasse,
815 1777 855 1836 ut
876 1760 1004 1834 diserte
1025 1775 1130 1835 autor
1159 1759 1353 1837 rMaccab.
1375 1783 1454 1838 vnr.
1470 1766 1582 1846 Diod.

429 1863 500 1938 Sic.
522 1862 559 1936 in
572 1859 749 1954 'Excerpe
777 1857 893 1930 Vales.
909 1879 942 1952 p.
958 1877 1061 1949 314„
1084 1878 1168 1932 cum
1184 1857 1370 1948 narrasset,
1395 1859 1582 1941 AEmilium

429 1956 601 2050 Paulum,
627 1954 805 2044 debellato
826 1954 927 2027 Perse
941 1955 1069 2028 ultimo
1084 1953 1326 2031 Macedonum
1341 1977 1446 2058 rege,
1473 1959 1508 2033 se
1524 1961 1583 2035 ad·

428 2051 551 2130 uersus
579 2065 760 2128 armatum
781 2051 922 2144 quidem
945 2071 1091 2150 gravem
1119 2052 1427 2147 depromendum,
1457 2055 1582 2136 sedin

426 2147 543 2228 villos
564 2149 738 2246 placidum
761 2151 955 2242 mitemque
979 2145 1048 2221 elle
1069 2147 1276 2240 declarasse,
1302 2148 1504 2258 subjungit3
1528 2177 1582 2230 cu·

424 2249 568 2350 §ennodi
594 2244 783 2341 institutum
813 2269 885 2320 cum
906 2247 1025 2342 reliqui
1038 2243 1261 2340 seilarmtur,
1294 2244 1475 2346 Imperium
1497 2256 1582 2328 erlis

428 2364 596 2424 terrarum
614 2350 701 2420 citra
716 2344 879 2423 inuidiam
892 2357 988 2440 penes
998 2347 1151 2439 populum
1166 2341 1350 2420 nmmum
1358 2343 1456 2439 fuir,
1471 2371 1582 2446 quum·

428 2447 487 2521 din
502 2443 656 2541 ejusnndi
668 2439 922 2538 Imperatoribrn
937 2437 982 2532 eti
993 2437 1080 2536 usus.
1128 2441 1186 2516 De
1199 2463 1272 2534 quo
1286 2443 1391 2518 etiam
1405 2446 1479 2546 agit
1494 2447 1579 2526 ibid.

427 2565 465 2646 p.
491 2563 593 2638 341.‚
618 2539 680 2616 ubi
701 2539 734 2613 dr
756 2538 831 2614 haec
855 2538 964 2612 verba
984 2554 1200 2627 occurrunt,
1227 2541 1363 2636 proinde
1384 2540 1580 2644 olstngulr.

427 2661 498 2714 rem
523 2661 631 2712 eornm
658 2639 907 2732 benignianum,
923 2657 1013 2734 reges
1040 2657 1079 2708 ae
1105 2639 1279 2725 nolentes,
1307 2651 1484 2806 penusque
1505 2645 1579 2717 adeo

340 2817 345 2826 ,
426 2733 555 2820 animer,
579 2739 615 2806 in
638 2735 822 2804 clientelam
843 2729 965 2826 Populi
988 2729 1132 2806 Romani
1155 2729 1307 2832 confugie
1325 2749 1397 2811 unt.
1452 2737 1511 2812 De
1525 2761 1578 2814 ea·

430 2831 515 2905 dem
541 2829 686 2904 lenitate
710 2827 743 2901 dt
765 2825 1036 2902 mansuetudine
1057 2825 1206 2906 testatur
1227 2833 1334 2908 etiam
1357 2833 1449 2930 App.
1470 2837 1577 2910 Alexa

336 2995 342 3000 ,
430 2927 532 3002 Bello
555 2925 642 3000 Pun.
670 2947 705 3019 p.
731 2926 787 2998 82.
813 2925 871 2999 Sic
886 2925 920 3000 dc
934 2924 1055 3000 Salust.
1071 2928 1109 3002 in
1125 2925 1229 3002 Catil.
1243 2951 1274 3004 c.
1295 2951 1373 3022 rm,
1398 2931 1578 3010 Romanoa

429 3045 532 3120 neque
552 3022 651 3096 villis
664 3025 833 3120 quicquum
850 3035 969 3135 preter
983 3021 1124 3120 injurie
1136 3029 1304 3100 licentium
1319 3029 1488 3130 eripuiffe,
1513 3047 1579 3108 tra·
1703 3079 1704 3082 ,

431 3121 497 3197 dit.
548 3117 666 3218 Quam
693 3121 744 3194 ob
764 3117 900 3195 causam
920 3119 995 3194 Crc.
1016 3119 1093 3196 Off.
1119 3121 1144 3197 l.
1170 3143 1225 3197 rr.
1249 3127 1333 3216 e,8.
1355 3133 1578 3222 patrocinium
1703 3151 1705 3204 2

429 3221 516 3294 erlis
547 3231 642 3291 terre
664 3219 777 3290 uerius
797 3239 892 3313 qnam
914 3213 1092 3314 Imperium
1108 3217 1244 3320 petuiffe
1264 3229 1428 3297 nominari
1450 3224 1579 3323 adserit.

428 3313 492 3392 De
517 3311 612 3409 Julio
635 3311 767 3388 Caesare
782 3313 889 3411 tradit
903 3315 1022 3390 Autor
1038 3319 1114 3392 belli
1128 3314 1354 3393 Alexandrini
1367 3343 1398 3395 c.
1415 3324 1474 3413 65.
1501 3345 1579 3421 quus

345 3497 351 3508 ⁸
426 3417 468 3490 'in
538 3415 686 3488 omnuim
715 3413 919 3517 regionesque
945 3411 1108 3509 venilia,
1146 3435 1230 3490 eum
1255 3437 1310 3488 eas
1335 3417 1384 3492 ita
1405 3419 1580 3516 reliquisse

427 3535 489 3586 ron
520 3515 647 3599 ituras,
672 3524 711 3584 ut
731 3507 908 3602 domesticis
931 3507 1167 3610 deffenfionilus
1183 3513 1420 3606 liberarentur,
1440 3519 1523 3614 juro
1537 3523 1579 3592 ie·

427 3604 1580 3802 iilidsllilinttltllnsltlilluilliti

429 3804 613 3876 mniciriem
623 3799 722 3898 suum
739 3797 784 3884 δ’
796 3806 907 3898 populi
926 3801 1069 3876 Romani
1078 3805 1247 3900 petendum
1256 3737 1452 3904 pellexiffef
1470 3810 1583 3888 refert

428 3897 581 4042 ,sum
599 3920 633 3976 a.
659 3895 856 3994 Ceterum,
882 3895 1111 4056 utilludtmo
1127 3903 1238 3980 verbo
1252 3899 1468 4000 observem,
1482 3907 1578 4086 ςυιέἑῑ
