3418 4754
411 397 479 457 an
552 369 588 456 D
638 369 672 461 Α
720 378 771 461 N.
846 401 909 458 rr:
958 401 1043 478 pp.
1213 392 1295 477 '423'

141 547 380 646 Philadelphi,
404 552 502 648 quod
522 553 705 644 nonnulli,
731 551 1024 646 ex·Hieronymo
1047 549 1138 628 male
1152 553 1290 629 intelle·

141 651 223 740 sio,
248 665 437 746 putarunt,
463 653 545 741 sed,
570 667 611 726 ut
635 674 760 726 omnes
784 648 954 725 testantur
973 649 1156 742 historici,
1174 649 1289 746 filium

41 819 43 828 ,
139 749 237 840 eius,
261 769 303 822 ac
333 748 479 824 fratrem
503 751 691 843 Berepices
718 749 804 823 dolo
826 748 920 824 malo
935 765 1085 824 necatae.
1112 749 1290 847 Hierony·

137 862 217 920 mus
241 845 358 934 enim,
389 848 449 921 ttbi
472 847 578 936 dicit,
612 847 712 942 occisa
734 847 886 920 Berenice
908 843 952 928 ἐξ
973 860 1097 920 nrortuo
1119 844 1291 920 Ptolemae

138 939 380 1038 Philadelpho,
409 958 505 1040 patre
526 947 616 1038 ejus,
649 949 686 1016 in
711 942 883 1039 Aegypto,
910 940 1026 1033 frater
1049 947 1143 1016 illins
1162 942 1205 1026 ἐξ
1226 944 1290 1038 ipse

139 1035 357 1128 Ptolomeus,
398 1055 600 1134 cognomento
622 1037 822 1134 Euergetes,
863 1045 981 1111 tertius
993 1037 1139 1134 suroeffit
1164 1046 1199 1112 in
1220 1063 1292 1135 reg-

90 1137 101 1156 “
139 1157 240 1225 num,
266 1138 302 1210 de
323 1139 528 1230 plantatione
551 1132 594 1218 &⁹
615 1137 651 1208 de
665 1141 809 1232 germine
823 1137 966 1220 radicis,
992 1160 1024 1209 eo
1039 1139 1118 1232 qnod
1133 1135 1206 1232 efflet
1220 1160 1292 1231 ger·

140 1255 270 1306 manus.
296 1231 364 1306 dte.
389 1231 539 1308 fratrem
560 1233 595 1304 &
609 1244 816 1329 germanum
838 1253 914 1306 non
936 1234 1042 1307 tradit
1063 1230 1292 1328 Philadelphi,

141 1329 203 1404 sed
237 1329 410 1406 Berenices
441 1329 572 1421 fullse3
611 1344 653 1405 ut
679 1329 789 1403 verba
818 1327 911 1404 haud
942 1330 1093 1404 obscure
1117 1331 1291 1408 indicant.

143 1424 252 1504 Hunc
277 1425 468 1524 Euergeten
482 1427 657 1522 propheta
679 1450 753 1504 non
775 1425 977 1520 finrpliciter
996 1426 1293 1522 adpellatflirpem

143 1525 220 1616 ejus
242 1527 506 1615 obumbrantem,
538 1524 596 1598 sed
618 1525 711 1620 &ex
720 1521 855 1621 surculo
877 1525 1025 1598 radicum
1045 1527 1134 1621 ejus,
1160 1523 1294 1600 scillcet

142 1621 336 1710 Berenices,
369 1622 480 1697 tnodo
508 1637 737 1710 memoratae,
770 1633 811 1696 ut
831 1643 876 1696 ex
896 1621 965 1696 ads.
988 1622 1123 1697 foemin.
1144 1623 1181 1696 in
1202 1644 1294 1697 voce

141 1737 245 1794 arene
271 1722 418 1810 radicum
440 1722 529 1812 ejus,
561 1737 662 1794 extra
685 1717 830 1793 dubium
854 1716 915 1810 eli.
975 1718 1061 1818 Quo
1083 1717 1294 1800 insmuatum

140 1815 260 1890 voluit
279 1817 452 1910 propheta
461 1815 485 1907 ,'
513 1837 634 1914 regem
662 1813 782 1890 Austri
796 1815 1063 1916 expeditionem
1079 1817 1174 1892 illam
1190 1815 1291 1891 causa

129 1909 258 2012 fhroris
281 1912 370 2001 suae,
395 1915 429 1988 δι
453 1914 497 1987 ad
521 1935 648 1990 necem
664 1916 739 2006 ejus
758 1913 1025 2005 vindicandam,
1049 1913 1294 1990 instituturum

139 2007 234 2110 elsep
272 2011 367 2104 quod
390 2033 498 2106 nereus
519 2011 690 2088 sermonis
712 2029 854 2104 quoque
880 2011 1022 2086 edocet.
1087 2009 1177 2086 Cum
1197 2015 1295 2086 enim

138 2109 338 2186 narrationi
358 2109 402 2180 de
425 2129 515 2184 nece
537 2107 727 2184 Berenices
749 2131 834 2184 mor
848 2106 1051 2184 adnectatur
1065 2109 1154 2204 regis
1173 2107 1295 2182 Austri

139 2205 304 2293 mentio,
327 2205 424 2296 isque
447 2201 605 2298 expresse
627 2225 673 2277 ex
697 2205 860 2275 radicibus
882 2207 951 2298 ejus
972 2204 1148 2300 originem
1165 2203 1294 2278 habere
1415 2243 1418 2248 ,

142 2300 306 2390 dicatur,
331 2301 426 2374 illam
447 2299 555 2395 ipsam
577 2299 830 2397 cognationem
847 2299 1083 2374 excitaturum
1098 2298 1168 2373 else
1183 2291 1296 2374 Euer.

141 2402 276 2500 geten,
310 2395 459 2472 fratrem
480 2396 576 2489 ejus,
609 2396 653 2471 ad
673 2417 822 2492 regnum
843 2396 1104 2495 Septentrionis
1128 2396 1296 2472 invaden-

141 2499 260 2586 dum,
284 2496 376 2569 clare
398 2494 584 2570 indicatur.
634 2492 744 2592 Quod
767 2492 802 2566 in
826 2489 969 2568 historia
992 2490 1069 2586 ipsrs
1091 2494 1197 2570 etiam
1214 2516 1301 2569 ver..

140 2596 199 2672 bis
216 2591 415 2687 expressum
428 2590 537 2668 exstat
551 2591 645 2686 apud
659 2590 877 2684 Scriptores,
902 2589 1011 2665 modo
1027 2589 1197 2677 laudatos.
1224 2589 1296 2666 Ad·
1425 2605 1426 2608 ‘
1537 2563 1546 2573 ’

141 2692 299 2790 pellatur
348 2690 557 2766 Ptolomeus
591 2687 787 2785 Euergetes
822 2711 861 2761 ex
890 2685 1022 2780 surculo
1055 2691 1203 2762 radicum
1225 2690 1296 2784 ejas

133 2789 244 2888 fiirps
258 2803 317 2862 out
339 2784 417 2876 holo
431 2790 523 2884 ejus,
548 2785 671 2876 idest,
690 2784 796 2882 stirps
804 2781 936 2881 surculi
949 2787 1099 2859 radicum
1117 2787 1207 2882 ejus,
1231 2785 1301 2880 Bef

141 2887 303 2962 senices:
329 2885 400 2960 five
424 2888 571 2961 radicum
591 2883 804 2960 emblemate
820 2883 1030 2959 Ptolemaeus
1048 2881 1154 2982 Lagi,
1179 2881 1296 2978 deser·
1341 2897 1348 2927 ‘

142 2988 215 3060 euti
234 2983 445 3058 Ptolemaeus
465 2983 710 3078 Philadelphus
732 2979 1025 3076 representetur,
1052 2983 1105 3057 uti
1127 2979 1297 3092 ChCoc·

144 3079 384 3173 complacet,
421 3079 494 3154 srve
507 3077 663 3176 surculus
688 3077 732 3162 ὅ
752 3081 876 3152 radices
896 3094 1062 3178 tanquam
1084 3101 1139 3152 res
1163 3081 1298 3154 eedem

58 3175 62 3248 ζ
144 3174 436 3262 considerentur,
462 3176 497 3248 ht
506 3175 663 3268 surculus
684 3176 831 3248 raditum
850 3173 912 3265 lit,
937 3179 998 3268 qui
1015 3178 1156 3249 radicem
1172 3175 1296 3250 domus
1384 3233 1388 3244 .

146 3268 358 3360 constituit,
384 3270 444 3365 qui
468 3270 500 3343 oe
524 3267 596 3364 ipse
613 3271 760 3342 radicum
777 3269 859 3342 loco
875 3269 943 3357 est,
970 3293 1042 3364 quo
1058 3271 1157 3362 stirps
1173 3272 1229 3344 illa
1243 3295 1298 3346 re·

146 3372 208 3472 gia
229 3369 416 3444 Berenices
430 3367 577 3442 Fulcitur
591 3387 632 3440 ac
648 3362 871 3440 sustentatur.
921 3367 1006 3465 Quo
1021 3365 1120 3440 sensu
1136 3367 1217 3460 ipsae
1234 3369 1297 3440 do·
1335 3413 1340 3426 »

148 3466 443 3564 ωυεὶρνοραςὶηες
468 3463 727 3540 illustrioresac
741 3459 937 3553 firmiores,
962 3461 1157 3559 seusureuli
1172 3462 1298 3536 floride

148 3564 316 3664 pulchri,
341 3564 458 3660 quales
479 3563 621 3658 proprie
644 3561 791 3636 nomine
820 3584 871 3638 ms
894 3559 1066 3647 veniunt,
1095 3561 1240 3633 radicum
1256 3561 1299 3632 ti.

36 3704 41 3712 ·
149 3663 233 3739 tulo
254 3660 505 3758 insigniuntur,
538 3675 580 3736 ut
602 3658 696 3734 reue
717 3656 770 3735 Cl.
788 3657 1057 3733 commentator
1070 3656 1190 3752 Jcsniae
1205 3681 1222 3719 a
1238 3657 1300 3733 ob-

151 3759 322 3837 servavit.
369 3758 547 3860 Quicquid
571 3757 632 3852 ht,
666 3757 737 3832 stuc
755 3757 905 3856 serrarius
929 3754 970 3833 fit
992 3779 1034 3833 cu
1056 3751 1227 3832 radicibus
1242 3777 1301 3828 na·

218 3885 220 3890 ¹
1222 3867 1300 3947 tus,

197 3988 441 4070 omMmo
