3494 4802
360 421 484 519 osb
577 407 1404 496 nlssEaTATtottEs

408 610 474 712 fica
496 613 640 686 omnibus
654 597 826 703 subditis,
867 630 931 681 non
955 609 1157 682 mediocriter
1177 604 1374 706 stabilioeffe
1404 629 1564 706 regnum,

416 717 481 787 ino
506 705 641 806 effeciffe
664 709 862 802 expeditione
875 704 996 800 suain
1020 705 1175 793 aonios,
1201 719 1240 777 ut
1261 705 1438 802 nonsoium
1454 707 1563 801 Afia,

416 831 533 882 uerum
557 812 656 880 etiam
678 803 831 900 Europae
841 807 970 898 populis
986 807 1116 898 imperio
1133 809 1252 898 tignus
1266 805 1459 900 censeretur.
1506 807 1565 880 Sic

415 903 583 988 Molonem
604 899 761 991 Mediae,
798 899 1089 974 &Alexandrum
1115 898 1261 989 Perstae,
1292 904 1469 995 Satrapas',
1504 905 1564 996 qui

416 1024 568 1101 arogno
597 999 858 1073 Seleucidarum
884 995 1111 1086 defecerant,
1143 998 1301 1087 devicit,
1328 1001 1453 1093 Polyb.
1477 999 1500 1072 l.
1527 1025 1563 1077 v.

416 1123 453 1195 p.
477 1103 558 1194 538.
593 1118 715 1172 manus
745 1116 886 1191 quoque
915 1093 958 1168 ad
978 1095 1166 1168 Thraciam
1188 1097 1367 1186 extendit,
1400 1111 1438 1170 ut
1461 1111 1565 1173 toturn

417 1197 545 1272 Seleuci
563 1218 701 1291 regnum
725 1191 944 1286 instauraret,
971 1191 1021 1266 Id.
1039 1193 1062 1266 l.
1079 1213 1170 1268 xvrr.
1186 1215 1263 1290 pag.
1284 1213 1388 1287 1072.
1427 1193 1567 1293 Legen-

419 1293 483 1370 dus
506 1295 541 1368 in
563 1292 684 1388 primis
708 1289 758 1364 est
775 1292 871 1386 App.
893 1287 996 1366 Alex.
1026 1289 1102 1381 Syr.
1124 1313 1158 1384 p.
1187 1312 1273 1382 141,
1309 1311 1389 1381 142.
1416 1291 1477 1366 ubi
1493 1293 1567 1368 An-

417 1391 530 1466 tiochi
553 1391 717 1485 preclara
741 1385 922 1477 facinora,
948 1389 1074 1482 quibus
1097 1409 1246 1484 regnum
1269 1389 1451 1482 Syriacum
1468 1391 1567 1465 resti·

417 1489 487 1564 tuit
501 1538 525 1577 ,.
552 1487 761 1562 summatim·
778 1486 949 1560 exhibet:
986 1487 1046 1578 qui
1080 1487 1127 1561 ib.
1151 1509 1187 1579 p.
1216 1507 1295 1579 143.
1320 1487 1566 1580 Antiochum,

417 1584 606 1683 ἐπαιρόμενον
629 1591 725 1682 ἀρχῆς
745 1614 778 1656 τε
792 1581 923 1680 μεγέθει
940 1591 964 1689 t}
985 1587 1150 1679 ioupuie'ac
1167 1590 1270 1682 ὀρχῇ,
1297 1587 1424 1678 imperii
1440 1593 1569 1682 magni·

416 1681 616 1774 tudine,'&
642 1693 814 1754 conatuum
835 1676 1003 1770 felicitate
1025 1685 1167 1768 clatum,
1209 1681 1376 1754 itomanis
1404 1683 1570 1776 suspicio·

417 1801 501 1854 nem
525 1775 694 1867 mouille,
721 1781 892 1850 iilumnon
912 1781 1114 1873 quieturum,
1141 1777 1258 1852 tradit.
1308 1775 1445 1854 Bellum
1461 1779 1566 1875 ipfius

419 1897 502 1951 cum
525 1875 694 1952 Romanis
716 1874 776 1949 diu
791 1875 1002 1970 ,duraturum
1026 1877 1194 1968 putabant
1216 1873 1389 1968 Romani,
1416 1885 1568 1972 quoniam

417 1973 624 2062 Antiochus,
654 1988 696 2047 ut
717 1973 765 2046 ib.
781 1979 817 2064 p.
839 1991 915 2062 154.
942 1972 1057 2062 inquit
1070 1974 1162 2066 App.
1183 1971 1308 2061 Alam,
1335 1979 1371 2046 in
1387 1971 1470 2068 Asta
1484 1981 1571 2050 mul·

416 2068 534 2154 tas&
552 2091 687 2167 magnas
732 2085 818 2142 entes
841 2066 1103 2142 Mediterraneas
1123 2073 1304 2160 obtinebat,
1338 2093 1483 2168 oramque
1497 2097 1569 2146 rna·

414 2174 563 2242 citimam
584 2093 771 2262 uniuerfitm
788 2179 914 2260 prope,
953 2167 1084 2262 jamque
1105 2163 1274 2262 Europam
1295 2167 1453 2266 ingreffut
1474 2185 1568 2262 erat,

341 2355 345 2362 Ι
408 2264 439 2359 s
436 2269 633 2342 eructabitis
655 2279 724 2338 tum
747 2267 927 2359 adparatu,
954 2277 1022 2335 tum
1041 2285 1149 2336 rerum
1164 2261 1327 2362 gelianum
1342 2271 1470 2362 gioria,
1497 2265 1572 2344 ilai

397 2361 400 2366 ⁴
416 2375 443 2474 A
468 2364 572 2464 μέγας
586 2361 617 2448 ἦν
642 2360 791 2460 ἐπώνυμον
807 2362 884 2457 riolci
893 2411 903 2450 ,
928 2364 964 2433 ob
980 2383 1059 2457 quac
1075 2367 1171 2435 etiam
1187 2359 1313 2458 Magni
1328 2386 1497 2460 cognomen
1509 2381 1572 2462 pa·

412 2477 563 2539 neverat.
615 2462 671 2536 sic
693 2484 751 2534 rex
774 2456 1020 2555 opulentifflmus
1050 2463 1132 2532 orbis
1155 2473 1318 2534 tertarum
1345 2462 1565 2556 adpellatur,

413 2559 494 2638 Liv.
518 2581 672 2634 xxxvru:
693 2561 751 2631 60.
777 2579 916 2652 magnus
940 2560 996 2629 ilie
1017 2579 1075 2628 rex
1095 2554 1209 2646 Asta,
1249 2557 1323 2631 Cic.
1347 2581 1415 2652 pro
1438 2559 1565 2654 DeJ'ot.

415 2678 447 2730 c.
473 2679 527 2750 13.
553 2661 696 2727 omnium
718 2655 786 2747 ejus
809 2657 959 2747 temporis
970 2651 1218 2748 potentiffimus,
1251 2653 1347 2749 Nep.
1369 2655 1414 2729 de
1435 2665 1569 2754 rogitas
1684 2685 1689 2690 ·

415 2775 449 2844 e.
470 2775 502 2827 a.
553 2751 641 2826 Haec
669 2769 750 2822 cum
772 2746 980 2822 testatilllma
1005 2747 1092 2840 fint,
1119 2751 1202 2844 quid
1219 2749 1324 2826 facias
1339 2752 1477 2830 Floro?
1502 2760 1566 2850 qui

412 2851 437 2926 l.
465 2869 525 2924 11.
547 2851 578 2924 8.
631 2845 850 2922 Antiochum
878 2858 946 2917 tam
968 2849 1433 2946 ignavumregemadpellat,
1458 2859 1566 2926 utni.

414 2950 463 3024 bii
485 2942 601 3040 inipso
613 2939 788 3042 speciofius
803 2939 937 3033 fuerit,
964 2966 1058 3037 quarn
1080 2945 1160 3040 quod
1175 2968 1195 3016 a
1210 2943 1369 3022 Romanis
1384 2948 1487 3023 nitius
1502 2947 1562 3043 est.

414 3043 517 3138 Nihil
538 3042 652 3130 mihi,
692 3063 764 3134 quo
787 3037 895 3113 Floro
920 3061 1027 3135 opem
1050 3039 1194 3134 feram,
1234 3043 1360 3120 reilius
1384 3046 1564 3142 suppetit,

415 3165 520 3238 quam
537 3156 578 3216 ut
607 3140 649 3214 ad
671 3139 804 3215 bellum
828 3136 999 3212 Antiochi
1023 3161 1103 3214 cum
1125 3139 1294 3216 Romanis
1309 3142 1565 3242 restringatur,
1616 3139 1623 3146 ’

416 3239 451 3316 te
473 3235 648 3335 postrema
671 3237 760 3336 regis
779 3252 942 3330 tempora
957 3236 1099 3312 inter&
1119 3243 1294 3313 anteriora
1308 3240 1563 3339 distinguatur:

415 3337 711 3434 quemadmodum
732 3335 820 3410 fecit
841 3333 964 3428 Polyb.
984 3335 1021 3409 in
1037 3333 1202 3431 Excerpe.
1219 3335 1334 3412 Valcs.
1349 3363 1384 3434 p.
1406 3345 1464 3417 66.
1500 3343 1565 3416 ubi

412 3439 524 3528 elicit,
551 3434 625 3509 Rex
648 3431 832 3508 Antiochus
856 3437 951 3506 initio
967 3434 1090 3528 quidem
1106 3457 1213 3507 rerum
1227 3443 1443 3512 maximarum
1460 3453 1566 3536 capax

412 3535 505 3631 visus
525 3529 588 3628 efl,
616 3531 659 3616 A?
681 3533 723 3605 att
735 3527 968 3628 perficiendum
983 3532 1019 3602 it
1030 3581 1041 3620 ,
1068 3531 1251 3627 quodsenoei
1259 3531 1471 3634 suscepcffet,
1489 3535 1563 3630 fin.

399 3639 524 3736 xgulare
548 3632 685 3704 audacia
704 3632 892 3726 praeditus,
927 3628 1223 3724 (urpanrac'cootm
1248 3637 1272 3737 og
1297 3633 1460 3731 louprpie,
1488 3669 1512 3742 b
1537 3635 1565 3716 ξ

414 3729 618 3816 wirbini&
646 3724 885 3824 iirpyaeoee‘ed
913 3727 974 3824 sed
996 3723 1115 3821 inipso
1135 3727 1303 3826 progreffu
1325 3737 1444 3806 aetatis
1468 3735 1567 3832 longe

409 3848 482 3900 cnon
492 3822 524 3916 fe
541 3823 625 3918 ipfio,
653 3840 721 3896 tum
737 3839 942 3897 externorum
959 3826 1119 3896 hominurn
1136 3823 1382 3920 exspoliatione,
1409 3825 1565 3921 inferior.

409 3919 557 4022 Qualem
585 3918 655 3996 sese
680 3922 717 3996 in
740 3921 835 3996 bello
857 3943 940 4000 cum
961 3919 1129 3999 Romanis
1149 3945 1233 3998 vete
1255 3925 1427 4020 praestitit.
1478 3927 1559 4020 lpse
