<?xml version="1.0" encoding="UTF-8"?>
<!DOCTYPE html PUBLIC "-//W3C//DTD XHTML 1.0 Transitional//EN"
    "http://www.w3.org/TR/xhtml1/DTD/xhtml1-transitional.dtd">
<html xmlns="http://www.w3.org/1999/xhtml" xml:lang="en" lang="en">
 <head>
  <title>
</title>
<meta http-equiv="Content-Type" content="text/html;charset=utf-8" />
  <meta name='ocr-system' content='tesseract 3.04.00' />
  <meta name='ocr-capabilities' content='ocr_page ocr_carea ocr_par ocr_line ocrx_word'/>
</head>
<body>
  <div class='ocr_page' id='page_1' title='image "./dissertationesa00venegoog_0491.png"; bbox 0 0 3416 4746; ppageno 0'>
   <div class='ocr_carea' id='block_1_1' title="bbox 373 403 1347 512">
    <p class='ocr_par' dir='ltr' id='par_1_1' title="bbox 373 403 1347 512">
     <span class='ocr_line' id='line_1_1' title="bbox 373 403 1347 512; baseline 0.061 -60"><span class='ocrx_word' id='word_1_1' title='bbox 373 447 376 452; x_wconf 77' lang='grc'>,</span> <span class='ocrx_word' id='word_1_2' title='bbox 463 417 526 478; x_wconf 64' lang='lat' dir='ltr'>gn</span> <span class='ocrx_word' id='word_1_3' title='bbox 577 403 644 498; x_wconf 47' lang='lat' dir='ltr'>D,</span> <span class='ocrx_word' id='word_1_4' title='bbox 683 405 717 482; x_wconf 87' lang='lat' dir='ltr'>A</span> <span class='ocrx_word' id='word_1_5' title='bbox 765 403 815 490; x_wconf 83' lang='lat' dir='ltr'>N·</span> <span class='ocrx_word' id='word_1_6' title='bbox 860 407 949 498; x_wconf 23' lang='lat' dir='ltr'>fxi:</span> <span class='ocrx_word' id='word_1_7' title='bbox 997 427 1083 509; x_wconf 84' lang='lat'><strong>7·.9.·</strong></span> <span class='ocrx_word' id='word_1_8' title='bbox 1276 433 1347 512; x_wconf 77' lang='grc'>177</span> 
     </span>
    </p>
   </div>
   <div class='ocr_carea' id='block_1_2' title="bbox 72 591 1413 3869">
    <p class='ocr_par' dir='ltr' id='par_1_2' title="bbox 72 591 1413 3869">
     <span class='ocr_line' id='line_1_2' title="bbox 198 591 1343 691; baseline -0.008 -19"><span class='ocrx_word' id='word_1_9' title='bbox 198 591 359 672; x_wconf 84' lang='lat' dir='ltr'>oratione</span> <span class='ocrx_word' id='word_1_10' title='bbox 384 591 627 680; x_wconf 80' lang='lat' dir='ltr'>conneiiitur,</span> <span class='ocrx_word' id='word_1_11' title='bbox 662 597 816 668; x_wconf 77' lang='lat' dir='ltr'><strong><em>iteratam</em></strong></span> <span class='ocrx_word' id='word_1_12' title='bbox 841 595 899 668; x_wconf 92' lang='lat' dir='ltr'>hic</span> <span class='ocrx_word' id='word_1_13' title='bbox 920 593 1027 691; x_wconf 87' lang='lat' dir='ltr'>fignat</span> <span class='ocrx_word' id='word_1_14' title='bbox 1051 593 1221 669; x_wconf 87' lang='lat' dir='ltr'>Antiochi</span> <span class='ocrx_word' id='word_1_15' title='bbox 1246 598 1343 666; x_wconf 79' lang='lat' dir='ltr'>irena·</span> 
     </span>
     <span class='ocr_line' id='line_1_3' title="bbox 189 689 1342 786; baseline -0.004 -21"><span class='ocrx_word' id='word_1_16' title='bbox 189 693 333 786; x_wconf 82' lang='lat' dir='ltr'>firmem,</span> <span class='ocrx_word' id='word_1_17' title='bbox 359 714 379 763; x_wconf 89' lang='lat' dir='ltr'>a</span> <span class='ocrx_word' id='word_1_18' title='bbox 405 689 583 782; x_wconf 82' lang='lat' dir='ltr'>superiore</span> <span class='ocrx_word' id='word_1_19' title='bbox 601 689 812 768; x_wconf 70' lang='lat' dir='ltr'>diffinitam:</span> <span class='ocrx_word' id='word_1_20' title='bbox 839 714 915 783; x_wconf 86' lang='lat' dir='ltr'>quae</span> <span class='ocrx_word' id='word_1_21' title='bbox 932 693 1021 765; x_wconf 88' lang='lat' dir='ltr'>ratio</span> <span class='ocrx_word' id='word_1_22' title='bbox 1036 689 1086 762; x_wconf 91' lang='lat' dir='ltr'>est</span> <span class='ocrx_word' id='word_1_23' title='bbox 1103 693 1245 783; x_wconf 89' lang='lat' dir='ltr'>repetiti</span> <span class='ocrx_word' id='word_1_24' title='bbox 1265 711 1342 761; x_wconf 92' lang='lat' dir='ltr'>ver·</span> 
     </span>
     <span class='ocr_line' id='line_1_4' title="bbox 193 785 1338 881; baseline -0.003 -20"><span class='ocrx_word' id='word_1_25' title='bbox 193 791 229 862; x_wconf 91' lang='lat' dir='ltr'>bi</span> <span class='ocrx_word' id='word_1_26' title='bbox 254 793 375 860; x_wconf 84' lang='lat' dir='ltr'>veniet.</span> <span class='ocrx_word' id='word_1_27' title='bbox 433 786 521 861; x_wconf 89' lang='lat' dir='ltr'>Cum</span> <span class='ocrx_word' id='word_1_28' title='bbox 546 789 636 863; x_wconf 89' lang='lat' dir='ltr'>vers.</span> <span class='ocrx_word' id='word_1_29' title='bbox 683 812 716 881; x_wconf 84' lang='lat'>3.</span> <span class='ocrx_word' id='word_1_30' title='bbox 779 788 999 862; x_wconf 87' lang='lat' dir='ltr'>Antiochum</span> <span class='ocrx_word' id='word_1_31' title='bbox 1031 789 1236 879; x_wconf 82' lang='lat' dir='ltr'>reversurum</span> <span class='ocrx_word' id='word_1_32' title='bbox 1267 785 1338 858; x_wconf 86' lang='lat' dir='ltr'>esse</span> 
     </span>
     <span class='ocr_line' id='line_1_5' title="bbox 114 881 1339 981; baseline 0.003 -25"><span class='ocrx_word' id='word_1_33' title='bbox 114 937 116 942; x_wconf 66' lang='lat'>,</span> <span class='ocrx_word' id='word_1_34' title='bbox 193 885 229 958; x_wconf 91' lang='lat' dir='ltr'>in</span> <span class='ocrx_word' id='word_1_35' title='bbox 248 885 387 957; x_wconf 85' lang='lat' dir='ltr'>easdem</span> <span class='ocrx_word' id='word_1_36' title='bbox 409 881 618 976; x_wconf 82' lang='lat' dir='ltr'>Coelesyriae</span> <span class='ocrx_word' id='word_1_37' title='bbox 640 886 674 956; x_wconf 86' lang='lat'>&amp;</span> <span class='ocrx_word' id='word_1_38' title='bbox 696 883 878 958; x_wconf 84' lang='lat' dir='ltr'>Paleestinae</span> <span class='ocrx_word' id='word_1_39' title='bbox 900 887 1061 981; x_wconf 85' lang='lat' dir='ltr'>regiones</span> <span class='ocrx_word' id='word_1_40' title='bbox 1079 885 1239 972; x_wconf 63' lang='lat' dir='ltr'>dixisset,</span> <span class='ocrx_word' id='word_1_41' title='bbox 1265 905 1339 960; x_wconf 70' lang='lat' dir='ltr'>eust</span> 
     </span>
     <span class='ocr_line' id='line_1_6' title="bbox 192 979 1332 1074; baseline -0.003 -21"><span class='ocrx_word' id='word_1_42' title='bbox 192 1002 261 1074; x_wconf 89' lang='lat' dir='ltr'>que</span> <span class='ocrx_word' id='word_1_43' title='bbox 282 996 539 1073; x_wconf 87' lang='lat' dir='ltr'>occupaturum</span> <span class='ocrx_word' id='word_1_44' title='bbox 561 980 761 1066; x_wconf 83' lang='lat' dir='ltr'>indicasset,</span> <span class='ocrx_word' id='word_1_45' title='bbox 794 1003 889 1054; x_wconf 91' lang='lat' dir='ltr'>nunc</span> <span class='ocrx_word' id='word_1_46' title='bbox 913 1002 1000 1052; x_wconf 88' lang='lat' dir='ltr'>vero</span> <span class='ocrx_word' id='word_1_47' title='bbox 1024 995 1184 1073; x_wconf 83' lang='lat' dir='ltr'>repetat,</span> <span class='ocrx_word' id='word_1_48' title='bbox 1205 979 1263 1061; x_wconf 35' lang='lat' dir='ltr'>v&amp;</span> <span class='ocrx_word' id='word_1_49' title='bbox 1279 1004 1332 1050; x_wconf 87' lang='lat' dir='ltr'>ve·</span> 
     </span>
     <span class='ocr_line' id='line_1_7' title="bbox 103 1075 1329 1168; baseline 0.002 -24"><span class='ocrx_word' id='word_1_50' title='bbox 103 1135 111 1144; x_wconf 93' lang='lat'><em>.</em></span> <span class='ocrx_word' id='word_1_51' title='bbox 192 1083 288 1160; x_wconf 83' lang='lat' dir='ltr'>niet,</span> <span class='ocrx_word' id='word_1_52' title='bbox 314 1096 446 1150; x_wconf 85' lang='lat' dir='ltr'>novam</span> <span class='ocrx_word' id='word_1_53' title='bbox 466 1078 543 1166; x_wconf 87' lang='lat' dir='ltr'>ejus</span> <span class='ocrx_word' id='word_1_54' title='bbox 563 1076 828 1168; x_wconf 79' lang='lat' dir='ltr'>expeditionem</span> <span class='ocrx_word' id='word_1_55' title='bbox 848 1075 896 1148; x_wconf 87' lang='lat' dir='ltr'>ob</span> <span class='ocrx_word' id='word_1_56' title='bbox 921 1077 1043 1148; x_wconf 80' lang='lat' dir='ltr'>oculos</span> <span class='ocrx_word' id='word_1_57' title='bbox 1059 1079 1178 1168; x_wconf 84' lang='lat' dir='ltr'>ponit,</span> <span class='ocrx_word' id='word_1_58' title='bbox 1211 1077 1329 1164; x_wconf 80' lang='lat' dir='ltr'>fimus,</span> 
     </span>
     <span class='ocr_line' id='line_1_8' title="bbox 190 1169 1330 1267; baseline -0.001 -22"><span class='ocrx_word' id='word_1_59' title='bbox 190 1174 347 1267; x_wconf 81' lang='lat' dir='ltr'>priorem</span> <span class='ocrx_word' id='word_1_60' title='bbox 367 1169 467 1244; x_wconf 84' lang='lat' dir='ltr'>fuisse</span> <span class='ocrx_word' id='word_1_61' title='bbox 488 1174 741 1263; x_wconf 87' lang='lat' dir='ltr'>interceptam,</span> <span class='ocrx_word' id='word_1_62' title='bbox 774 1172 831 1243; x_wconf 91' lang='lat' dir='ltr'>vel</span> <span class='ocrx_word' id='word_1_63' title='bbox 849 1172 1044 1246; x_wconf 86' lang='lat' dir='ltr'>durabilem</span> <span class='ocrx_word' id='word_1_64' title='bbox 1061 1194 1132 1244; x_wconf 92' lang='lat' dir='ltr'>non</span> <span class='ocrx_word' id='word_1_65' title='bbox 1150 1173 1330 1264; x_wconf 83' lang='lat' dir='ltr'>produxis-</span> 
     </span>
     <span class='ocr_line' id='line_1_9' title="bbox 189 1267 1400 1358; baseline 0 -16"><span class='ocrx_word' id='word_1_66' title='bbox 189 1271 224 1342; x_wconf 90' lang='lat' dir='ltr'>se</span> <span class='ocrx_word' id='word_1_67' title='bbox 255 1280 375 1341; x_wconf 84' lang='lat' dir='ltr'>earum</span> <span class='ocrx_word' id='word_1_68' title='bbox 404 1282 575 1343; x_wconf 88' lang='lat' dir='ltr'>terrarum</span> <span class='ocrx_word' id='word_1_69' title='bbox 599 1269 893 1358; x_wconf 87' lang='lat' dir='ltr'>occupationem,</span> <span class='ocrx_word' id='word_1_70' title='bbox 924 1268 1016 1342; x_wconf 89' lang='lat' dir='ltr'>haud</span> <span class='ocrx_word' id='word_1_71' title='bbox 1041 1267 1187 1342; x_wconf 86' lang='lat' dir='ltr'>obscure</span> <span class='ocrx_word' id='word_1_72' title='bbox 1204 1269 1329 1343; x_wconf 89' lang='lat' dir='ltr'>innuit.</span> <span class='ocrx_word' id='word_1_73' title='bbox 1392 1297 1400 1316; x_wconf 70' lang='lat'>,</span> 
     </span>
     <span class='ocr_line' id='line_1_10' title="bbox 169 1363 1330 1463; baseline -0.002 -26"><span class='ocrx_word' id='word_1_74' title='bbox 169 1363 298 1463; x_wconf 85' lang='lat' dir='ltr'>Quod</span> <span class='ocrx_word' id='word_1_75' title='bbox 324 1386 371 1438; x_wconf 83' lang='lat' dir='ltr'>ex</span> <span class='ocrx_word' id='word_1_76' title='bbox 396 1363 522 1459; x_wconf 81' lang='lat' dir='ltr'>Scope,</span> <span class='ocrx_word' id='word_1_77' title='bbox 558 1365 655 1439; x_wconf 87' lang='lat' dir='ltr'>ducis</span> <span class='ocrx_word' id='word_1_78' title='bbox 680 1365 881 1454; x_wconf 78' lang='lat' dir='ltr'>Ptolemaei,</span> <span class='ocrx_word' id='word_1_79' title='bbox 907 1364 1158 1458; x_wconf 78' lang='lat' dir='ltr'>ehpcditione,</span> <span class='ocrx_word' id='word_1_80' title='bbox 1192 1387 1258 1456; x_wconf 85' lang='lat' dir='ltr'>qua</span> <span class='ocrx_word' id='word_1_81' title='bbox 1278 1389 1330 1437; x_wconf 90' lang='lat' dir='ltr'>re-</span> 
     </span>
     <span class='ocr_line' id='line_1_11' title="bbox 190 1461 1328 1554; baseline -0.001 -19"><span class='ocrx_word' id='word_1_82' title='bbox 190 1463 286 1554; x_wconf 90' lang='lat' dir='ltr'>cepit</span> <span class='ocrx_word' id='word_1_83' title='bbox 308 1482 366 1534; x_wconf 88' lang='lat' dir='ltr'>eas</span> <span class='ocrx_word' id='word_1_84' title='bbox 388 1483 454 1552; x_wconf 91' lang='lat' dir='ltr'>pro</span> <span class='ocrx_word' id='word_1_85' title='bbox 474 1463 686 1547; x_wconf 77' lang='lat' dir='ltr'>Ptolemaeo,</span> <span class='ocrx_word' id='word_1_86' title='bbox 711 1463 991 1549; x_wconf 82' lang='lat' dir='ltr'>mod‘onarrata,</span> <span class='ocrx_word' id='word_1_87' title='bbox 1017 1464 1139 1536; x_wconf 85' lang='lat' dir='ltr'>clarius</span> <span class='ocrx_word' id='word_1_88' title='bbox 1156 1461 1328 1534; x_wconf 81' lang='lat' dir='ltr'>evadit&amp;</span> 
     </span>
     <span class='ocr_line' id='line_1_12' title="bbox 188 1557 1329 1655; baseline 0.002 -24"><span class='ocrx_word' id='word_1_89' title='bbox 188 1557 332 1632; x_wconf 79' lang='lat' dir='ltr'>certius.</span> <span class='ocrx_word' id='word_1_90' title='bbox 382 1557 498 1655; x_wconf 87' lang='lat' dir='ltr'>Pergit</span> <span class='ocrx_word' id='word_1_91' title='bbox 519 1559 634 1652; x_wconf 88' lang='lat' dir='ltr'>itaque</span> <span class='ocrx_word' id='word_1_92' title='bbox 660 1559 836 1651; x_wconf 88' lang='lat' dir='ltr'>Propheta</span> <span class='ocrx_word' id='word_1_93' title='bbox 858 1560 895 1633; x_wconf 91' lang='lat' dir='ltr'>in</span> <span class='ocrx_word' id='word_1_94' title='bbox 912 1559 1081 1642; x_wconf 85' lang='lat' dir='ltr'>Antiochi</span> <span class='ocrx_word' id='word_1_95' title='bbox 1097 1558 1329 1650; x_wconf 83' lang='lat' dir='ltr'>expeditioni·</span> 
     </span>
     <span class='ocr_line' id='line_1_13' title="bbox 187 1653 1326 1752; baseline 0.002 -23"><span class='ocrx_word' id='word_1_96' title='bbox 187 1657 252 1729; x_wconf 88' lang='lat' dir='ltr'>bus</span> <span class='ocrx_word' id='word_1_97' title='bbox 274 1657 309 1728; x_wconf 93' lang='lat' dir='ltr'>in</span> <span class='ocrx_word' id='word_1_98' title='bbox 332 1654 390 1727; x_wconf 86' lang='lat' dir='ltr'>has</span> <span class='ocrx_word' id='word_1_99' title='bbox 414 1656 575 1752; x_wconf 88' lang='lat' dir='ltr'>regiones</span> <span class='ocrx_word' id='word_1_100' title='bbox 598 1655 839 1743; x_wconf 85' lang='lat' dir='ltr'>recensendis3</span> <span class='ocrx_word' id='word_1_101' title='bbox 873 1677 941 1729; x_wconf 89' lang='lat' dir='ltr'>nec</span> <span class='ocrx_word' id='word_1_102' title='bbox 966 1657 1033 1730; x_wconf 87' lang='lat' dir='ltr'>alio</span> <span class='ocrx_word' id='word_1_103' title='bbox 1056 1657 1191 1752; x_wconf 89' lang='lat' dir='ltr'>indiget</span> <span class='ocrx_word' id='word_1_104' title='bbox 1211 1653 1326 1730; x_wconf 89' lang='lat' dir='ltr'>sermo</span> 
     </span>
     <span class='ocr_line' id='line_1_14' title="bbox 184 1753 1326 1844; baseline 0 -18"><span class='ocrx_word' id='word_1_105' title='bbox 184 1773 280 1826; x_wconf 84' lang='lat' dir='ltr'>nexu</span> <span class='ocrx_word' id='word_1_106' title='bbox 295 1801 312 1844; x_wconf 23' lang='lat' dir='ltr'>,t</span> <span class='ocrx_word' id='word_1_107' title='bbox 333 1773 438 1842; x_wconf 89' lang='lat' dir='ltr'>quern</span> <span class='ocrx_word' id='word_1_108' title='bbox 461 1753 517 1826; x_wconf 94' lang='lat' dir='ltr'>hic</span> <span class='ocrx_word' id='word_1_109' title='bbox 541 1753 691 1840; x_wconf 83' lang='lat' dir='ltr'>frustra,</span> <span class='ocrx_word' id='word_1_110' title='bbox 715 1773 783 1826; x_wconf 86' lang='lat' dir='ltr'>nec</span> <span class='ocrx_word' id='word_1_111' title='bbox 809 1773 854 1823; x_wconf 88' lang='lat' dir='ltr'>ex</span> <span class='ocrx_word' id='word_1_112' title='bbox 877 1773 987 1840; x_wconf 89' lang='lat' dir='ltr'>vero,</span> <span class='ocrx_word' id='word_1_113' title='bbox 1012 1753 1248 1843; x_wconf 88' lang='lat' dir='ltr'>quaesrverunt</span> <span class='ocrx_word' id='word_1_114' title='bbox 1271 1754 1326 1826; x_wconf 87' lang='lat' dir='ltr'>ln·</span> 
     </span>
     <span class='ocr_line' id='line_1_15' title="bbox 169 1845 1325 1945; baseline 0.002 -24"><span class='ocrx_word' id='word_1_115' title='bbox 169 1851 369 1941; x_wconf 41' lang='lat' dir='ltr'>*terpreres</span> <span class='ocrx_word' id='word_1_116' title='bbox 422 1871 454 1922; x_wconf 83' lang='lat'>2.</span> <span class='ocrx_word' id='word_1_117' title='bbox 473 1847 645 1945; x_wconf 74' lang='lat' dir='ltr'>Aggerum</span> <span class='ocrx_word' id='word_1_118' title='bbox 659 1845 918 1942; x_wconf 70' lang='lat' dir='ltr'>resitutionem,</span> <span class='ocrx_word' id='word_1_119' title='bbox 946 1847 987 1930; x_wconf 59' lang='grc' dir='ltr'>ἐφ’</span> <span class='ocrx_word' id='word_1_120' title='bbox 1003 1852 1092 1920; x_wconf 83' lang='lat' dir='ltr'>urbis</span> <span class='ocrx_word' id='word_1_121' title='bbox 1108 1853 1325 1924; x_wconf 80' lang='lat' dir='ltr'>reunirio&#39;nnm</span> 
     </span>
     <span class='ocr_line' id='line_1_16' title="bbox 72 1945 1324 2040; baseline 0.002 -23"><span class='ocrx_word' id='word_1_122' title='bbox 72 1979 80 1986; x_wconf 94' lang='lat'><strong>·</strong></span> <span class='ocrx_word' id='word_1_123' title='bbox 165 1950 475 2040; x_wconf 69' lang='lat' dir='ltr'>expugnationem,</span> <span class='ocrx_word' id='word_1_124' title='bbox 502 1969 575 2019; x_wconf 91' lang='lat' dir='ltr'>non</span> <span class='ocrx_word' id='word_1_125' title='bbox 590 1945 662 2020; x_wconf 86' lang='lat' dir='ltr'>fine</span> <span class='ocrx_word' id='word_1_126' title='bbox 677 1946 813 2020; x_wconf 89' lang='lat' dir='ltr'>ratione</span> <span class='ocrx_word' id='word_1_127' title='bbox 829 1960 1005 2020; x_wconf 88' lang='lat' dir='ltr'>memorat</span> <span class='ocrx_word' id='word_1_128' title='bbox 1020 1945 1224 2039; x_wconf 89' lang='lat' dir='ltr'>prophetia,</span> <span class='ocrx_word' id='word_1_129' title='bbox 1243 1949 1324 2037; x_wconf 82' lang='lat' dir='ltr'>qtria</span> 
     </span>
     <span class='ocr_line' id='line_1_17' title="bbox 165 2041 1321 2136; baseline 0.003 -22"><span class='ocrx_word' id='word_1_130' title='bbox 165 2042 217 2116; x_wconf 71' lang='lat' dir='ltr'>‘in</span> <span class='ocrx_word' id='word_1_131' title='bbox 236 2044 376 2116; x_wconf 89' lang='lat' dir='ltr'>urbibus</span> <span class='ocrx_word' id='word_1_132' title='bbox 396 2041 591 2116; x_wconf 85' lang='lat' dir='ltr'>obsidendis</span> <span class='ocrx_word' id='word_1_133' title='bbox 614 2043 837 2136; x_wconf 86' lang='lat' dir='ltr'>&amp;capiendis</span> <span class='ocrx_word' id='word_1_134' title='bbox 852 2042 1029 2135; x_wconf 88' lang='lat' dir='ltr'>praecipue</span> <span class='ocrx_word' id='word_1_135' title='bbox 1044 2059 1236 2136; x_wconf 87' lang='lat' dir='ltr'>occupatus</span> <span class='ocrx_word' id='word_1_136' title='bbox 1253 2044 1321 2118; x_wconf 89' lang='lat' dir='ltr'>hoc</span> 
     </span>
     <span class='ocr_line' id='line_1_18' title="bbox 180 2138 1413 2230; baseline 0.002 -19"><span class='ocrx_word' id='word_1_137' title='bbox 180 2153 344 2230; x_wconf 87' lang='lat' dir='ltr'>tempore</span> <span class='ocrx_word' id='word_1_138' title='bbox 367 2139 437 2210; x_wconf 88' lang='lat' dir='ltr'>suit</span> <span class='ocrx_word' id='word_1_139' title='bbox 458 2138 676 2225; x_wconf 91' lang='lat' dir='ltr'>Antiochus,</span> <span class='ocrx_word' id='word_1_140' title='bbox 709 2139 786 2230; x_wconf 88' lang='lat' dir='ltr'>post</span> <span class='ocrx_word' id='word_1_141' title='bbox 805 2141 924 2229; x_wconf 87' lang='lat' dir='ltr'>copias</span> <span class='ocrx_word' id='word_1_142' title='bbox 948 2140 1071 2229; x_wconf 85' lang='lat' dir='ltr'>Scopae</span> <span class='ocrx_word' id='word_1_143' title='bbox 1094 2140 1129 2211; x_wconf 89' lang='lat' dir='ltr'>in</span> <span class='ocrx_word' id='word_1_144' title='bbox 1145 2140 1246 2212; x_wconf 90' lang='lat' dir='ltr'>initio</span> <span class='ocrx_word' id='word_1_145' title='bbox 1261 2161 1320 2213; x_wconf 84' lang='lat' dir='ltr'>err·</span> <span class='ocrx_word' id='word_1_146' title='bbox 1401 2164 1413 2189; x_wconf 64' lang='lat'>²</span> 
     </span>
     <span class='ocr_line' id='line_1_19' title="bbox 177 2230 1319 2327; baseline 0 -23"><span class='ocrx_word' id='word_1_147' title='bbox 177 2234 367 2327; x_wconf 86' lang='lat' dir='ltr'>peditionis</span> <span class='ocrx_word' id='word_1_148' title='bbox 388 2230 497 2306; x_wconf 86' lang='lat' dir='ltr'>fusas:</span> <span class='ocrx_word' id='word_1_149' title='bbox 526 2237 576 2305; x_wconf 89' lang='lat' dir='ltr'>uti</span> <span class='ocrx_word' id='word_1_150' title='bbox 597 2236 746 2306; x_wconf 85' lang='lat' dir='ltr'>narravi.</span> <span class='ocrx_word' id='word_1_151' title='bbox 798 2233 966 2321; x_wconf 84' lang='lat' dir='ltr'>Sidonem,</span> <span class='ocrx_word' id='word_1_152' title='bbox 998 2257 1102 2305; x_wconf 83' lang='lat' dir='ltr'>ortem</span> <span class='ocrx_word' id='word_1_153' title='bbox 1117 2233 1319 2326; x_wconf 85' lang='lat' dir='ltr'>Hierosoly·</span> 
     </span>
     <span class='ocr_line' id='line_1_20' title="bbox 178 2327 1316 2420; baseline -0.001 -16"><span class='ocrx_word' id='word_1_154' title='bbox 178 2351 268 2416; x_wconf 83' lang='lat' dir='ltr'>mae,</span> <span class='ocrx_word' id='word_1_155' title='bbox 287 2329 320 2400; x_wconf 78' lang='grc' dir='ltr'>δι</span> <span class='ocrx_word' id='word_1_156' title='bbox 339 2329 466 2399; x_wconf 84' lang='lat' dir='ltr'>Gozom</span> <span class='ocrx_word' id='word_1_157' title='bbox 479 2327 635 2420; x_wconf 83' lang='lat' dir='ltr'>expresse</span> <span class='ocrx_word' id='word_1_158' title='bbox 649 2344 931 2403; x_wconf 87' lang='lat' dir='ltr'>commemorant</span> <span class='ocrx_word' id='word_1_159' title='bbox 947 2327 1129 2416; x_wconf 86' lang='lat' dir='ltr'>Historici,</span> <span class='ocrx_word' id='word_1_160' title='bbox 1150 2347 1316 2419; x_wconf 85' lang='lat' dir='ltr'>tanquam</span> 
     </span>
     <span class='ocr_line' id='line_1_21' title="bbox 176 2421 1316 2516; baseline 0.001 -17"><span class='ocrx_word' id='word_1_161' title='bbox 176 2425 342 2513; x_wconf 83' lang='lat' dir='ltr'>eximias,</span> <span class='ocrx_word' id='word_1_162' title='bbox 369 2424 493 2516; x_wconf 85' lang='lat' dir='ltr'>quibus</span> <span class='ocrx_word' id='word_1_163' title='bbox 521 2425 555 2499; x_wconf 80' lang='lat' dir='ltr'>dt</span> <span class='ocrx_word' id='word_1_164' title='bbox 580 2427 664 2496; x_wconf 80' lang='lat' dir='ltr'>otios</span> <span class='ocrx_word' id='word_1_165' title='bbox 695 2446 817 2500; x_wconf 89' lang='lat' dir='ltr'>ornnes</span> <span class='ocrx_word' id='word_1_166' title='bbox 842 2421 1106 2514; x_wconf 84' lang='lat' dir='ltr'>Coelesyriae&amp;</span> <span class='ocrx_word' id='word_1_167' title='bbox 1137 2425 1316 2502; x_wconf 69' lang='lat' dir='ltr'>‘&#39;atestinae</span> 
     </span>
     <span class='ocr_line' id='line_1_22' title="bbox 163 2519 1313 2622; baseline 0 -26"><span class='ocrx_word' id='word_1_168' title='bbox 163 2523 327 2622; x_wconf 81' lang='lat' dir='ltr'>&#39;generasi</span> <span class='ocrx_word' id='word_1_169' title='bbox 350 2520 463 2615; x_wconf 78' lang='lat' dir='ltr'>phrasi</span> <span class='ocrx_word' id='word_1_170' title='bbox 487 2519 631 2596; x_wconf 88' lang='lat' dir='ltr'>addunt.</span> <span class='ocrx_word' id='word_1_171' title='bbox 694 2520 882 2604; x_wconf 87' lang='lat' dir='ltr'>Ceterum,</span> <span class='ocrx_word' id='word_1_172' title='bbox 909 2521 1003 2612; x_wconf 89' lang='lat' dir='ltr'>quod</span> <span class='ocrx_word' id='word_1_173' title='bbox 1025 2520 1189 2597; x_wconf 71' lang='lat' dir='ltr'>totamm</span> <span class='ocrx_word' id='word_1_174' title='bbox 1212 2525 1313 2616; x_wconf 87' lang='lat' dir='ltr'>vidi,</span> 
     </span>
     <span class='ocr_line' id='line_1_23' title="bbox 161 2617 1311 2712; baseline 0 -19"><span class='ocrx_word' id='word_1_175' title='bbox 161 2645 254 2696; x_wconf 77' lang='lat' dir='ltr'>cum</span> <span class='ocrx_word' id='word_1_176' title='bbox 282 2621 448 2704; x_wconf 82' lang='lat' dir='ltr'>Sidonem,</span> <span class='ocrx_word' id='word_1_177' title='bbox 470 2619 663 2693; x_wconf 79' lang='lat' dir='ltr'>obsidione</span> <span class='ocrx_word' id='word_1_178' title='bbox 684 2619 832 2694; x_wconf 77' lang='lat' dir='ltr'>crottam</span> <span class='ocrx_word' id='word_1_179' title='bbox 849 2617 989 2694; x_wconf 82' lang='lat' dir='ltr'>&amp;same</span> <span class='ocrx_word' id='word_1_180' title='bbox 1006 2617 1169 2712; x_wconf 85' lang='lat' dir='ltr'>pressam,</span> <span class='ocrx_word' id='word_1_181' title='bbox 1197 2621 1237 2692; x_wconf 91' lang='lat' dir='ltr'>ad</span> <span class='ocrx_word' id='word_1_182' title='bbox 1254 2623 1311 2693; x_wconf 87' lang='lat' dir='ltr'>de·</span> 
     </span>
     <span class='ocr_line' id='line_1_24' title="bbox 102 2715 1324 2812; baseline 0.001 -22"><span class='ocrx_word' id='word_1_183' title='bbox 102 2775 117 2797; x_wconf 68' lang='lat'>„</span> <span class='ocrx_word' id='word_1_184' title='bbox 170 2717 342 2792; x_wconf 88' lang='lat' dir='ltr'>ditionem</span> <span class='ocrx_word' id='word_1_185' title='bbox 371 2717 549 2812; x_wconf 88' lang='lat' dir='ltr'>coegerit,</span> <span class='ocrx_word' id='word_1_186' title='bbox 590 2715 718 2792; x_wconf 82' lang='lat' dir='ltr'>Gazam</span> <span class='ocrx_word' id='word_1_187' title='bbox 748 2738 858 2796; x_wconf 77' lang='lat' dir='ltr'>vero,</span> <span class='ocrx_word' id='word_1_188' title='bbox 892 2715 1148 2790; x_wconf 86' lang='lat' dir='ltr'>munimentum</span> <span class='ocrx_word' id='word_1_189' title='bbox 1171 2717 1324 2791; x_wconf 62' lang='lat' dir='ltr'>firmite.</span> 
     </span>
     <span class='ocr_line' id='line_1_25' title="bbox 167 2809 1310 2907; baseline -0.001 -17"><span class='ocrx_word' id='word_1_190' title='bbox 167 2837 265 2890; x_wconf 86' lang='lat' dir='ltr'>nrum</span> <span class='ocrx_word' id='word_1_191' title='bbox 289 2816 324 2888; x_wconf 94' lang='lat' dir='ltr'>in</span> <span class='ocrx_word' id='word_1_192' title='bbox 346 2809 474 2886; x_wconf 89' lang='lat' dir='ltr'>finibus</span> <span class='ocrx_word' id='word_1_193' title='bbox 496 2813 713 2899; x_wconf 84' lang='lat' dir='ltr'>Phoeniciae,</span> <span class='ocrx_word' id='word_1_194' title='bbox 738 2815 797 2886; x_wconf 91' lang='lat' dir='ltr'>vel</span> <span class='ocrx_word' id='word_1_195' title='bbox 815 2811 1019 2900; x_wconf 86' lang='lat' dir='ltr'>Paiaestinae,</span> <span class='ocrx_word' id='word_1_196' title='bbox 1048 2815 1080 2884; x_wconf 86' lang='lat' dir='ltr'>vi</span> <span class='ocrx_word' id='word_1_197' title='bbox 1097 2816 1250 2907; x_wconf 87' lang='lat' dir='ltr'>ceperit,</span> <span class='ocrx_word' id='word_1_198' title='bbox 1277 2817 1310 2890; x_wconf 84' lang='lat' dir='ltr'>dt</span> 
     </span>
     <span class='ocr_line' id='line_1_26' title="bbox 164 2910 1307 3005; baseline 0.003 -21"><span class='ocrx_word' id='word_1_199' title='bbox 164 2910 367 2998; x_wconf 84' lang='lat' dir='ltr'>spoliaverit</span> <span class='ocrx_word' id='word_1_200' title='bbox 390 2933 430 2983; x_wconf 88' lang='lat' dir='ltr'>ac</span> <span class='ocrx_word' id='word_1_201' title='bbox 450 2910 527 2982; x_wconf 71' lang='lat' dir='ltr'>&#39;soto</span> <span class='ocrx_word' id='word_1_202' title='bbox 552 2911 763 3004; x_wconf 86' lang='lat' dir='ltr'>aequaverit,</span> <span class='ocrx_word' id='word_1_203' title='bbox 789 2911 830 2983; x_wconf 90' lang='lat' dir='ltr'>ad</span> <span class='ocrx_word' id='word_1_204' title='bbox 853 2917 991 3004; x_wconf 86' lang='lat' dir='ltr'>priorem</span> <span class='ocrx_word' id='word_1_205' title='bbox 1015 2913 1141 2984; x_wconf 89' lang='lat' dir='ltr'>urbem</span> <span class='ocrx_word' id='word_1_206' title='bbox 1157 2913 1190 2986; x_wconf 90' lang='lat' dir='ltr'>in</span> <span class='ocrx_word' id='word_1_207' title='bbox 1208 2915 1307 3005; x_wconf 85' lang='lat' dir='ltr'>phra-</span> 
     </span>
     <span class='ocr_line' id='line_1_27' title="bbox 162 3003 1306 3102; baseline 0.003 -24"><span class='ocrx_word' id='word_1_208' title='bbox 162 3007 209 3092; x_wconf 88' lang='lat' dir='ltr'>st,</span> <span class='ocrx_word' id='word_1_209' title='bbox 237 3005 359 3096; x_wconf 88' lang='lat' dir='ltr'>fundet</span> <span class='ocrx_word' id='word_1_210' title='bbox 381 3031 551 3102; x_wconf 83' lang='lat' dir='ltr'>aggerem,</span> <span class='ocrx_word' id='word_1_211' title='bbox 583 3007 625 3081; x_wconf 90' lang='lat' dir='ltr'>ad</span> <span class='ocrx_word' id='word_1_212' title='bbox 644 3003 846 3102; x_wconf 73' lang='lat' dir='ltr'>posteriorem</span> <span class='ocrx_word' id='word_1_213' title='bbox 868 3013 902 3080; x_wconf 92' lang='lat' dir='ltr'>in</span> <span class='ocrx_word' id='word_1_214' title='bbox 926 3010 1052 3092; x_wconf 81' lang='lat' dir='ltr'>verba,</span> <span class='ocrx_word' id='word_1_215' title='bbox 1078 3013 1186 3080; x_wconf 84' lang='lat' dir='ltr'>urbem</span> <span class='ocrx_word' id='word_1_216' title='bbox 1199 3015 1306 3096; x_wconf 84' lang='lat' dir='ltr'>murri-</span> 
     </span>
     <span class='ocr_line' id='line_1_28' title="bbox 154 3103 1304 3200; baseline 0.004 -24"><span class='ocrx_word' id='word_1_217' title='bbox 154 3109 286 3178; x_wconf 70' lang='lat' dir='ltr'>,etonem</span> <span class='ocrx_word' id='word_1_218' title='bbox 309 3109 432 3194; x_wconf 81' lang='lat' dir='ltr'>capiet,</span> <span class='ocrx_word' id='word_1_219' title='bbox 457 3103 599 3194; x_wconf 86' lang='lat' dir='ltr'>respici,</span> <span class='ocrx_word' id='word_1_220' title='bbox 616 3105 768 3194; x_wconf 81' lang='lat' dir='ltr'>ecquis,</span> <span class='ocrx_word' id='word_1_221' title='bbox 793 3105 850 3195; x_wconf 82' lang='lat' dir='ltr'>qui</span> <span class='ocrx_word' id='word_1_222' title='bbox 868 3103 1136 3179; x_wconf 78' lang='lat' dir='ltr'>extititudinem</span> <span class='ocrx_word' id='word_1_223' title='bbox 1154 3109 1304 3200; x_wconf 82' lang='lat' dir='ltr'>prophe·</span> 
     </span>
     <span class='ocr_line' id='line_1_29' title="bbox 165 3201 1301 3294; baseline 0.004 -23"><span class='ocrx_word' id='word_1_224' title='bbox 165 3202 223 3272; x_wconf 82' lang='lat' dir='ltr'>tiae</span> <span class='ocrx_word' id='word_1_225' title='bbox 255 3221 396 3271; x_wconf 87' lang='lat' dir='ltr'>mecum</span> <span class='ocrx_word' id='word_1_226' title='bbox 420 3213 633 3282; x_wconf 82' lang='lat' dir='ltr'>venerator,</span> <span class='ocrx_word' id='word_1_227' title='bbox 668 3209 748 3270; x_wconf 82' lang='lat' dir='ltr'>non·</span> <span class='ocrx_word' id='word_1_228' title='bbox 766 3201 887 3272; x_wconf 88' lang='lat' dir='ltr'>lubens</span> <span class='ocrx_word' id='word_1_229' title='bbox 912 3201 1091 3274; x_wconf 78' lang='lat' dir='ltr'>admittit?</span> <span class='ocrx_word' id='word_1_230' title='bbox 1130 3206 1301 3294; x_wconf 85' lang='lat' dir='ltr'>maxime,</span> 
     </span>
     <span class='ocr_line' id='line_1_30' title="bbox 159 3293 1303 3395; baseline 0.003 -28"><span class='ocrx_word' id='word_1_231' title='bbox 159 3296 221 3367; x_wconf 89' lang='lat' dir='ltr'>ubi</span> <span class='ocrx_word' id='word_1_232' title='bbox 243 3299 348 3365; x_wconf 81' lang='lat' dir='ltr'>orbem</span> <span class='ocrx_word' id='word_1_233' title='bbox 369 3297 404 3366; x_wconf 90' lang='lat' dir='ltr'>in</span> <span class='ocrx_word' id='word_1_234' title='bbox 431 3293 535 3388; x_wconf 79' lang='lat' dir='ltr'>sing,</span> <span class='ocrx_word' id='word_1_235' title='bbox 573 3293 607 3362; x_wconf 70' lang='lat' dir='ltr'>A</span> <span class='ocrx_word' id='word_1_236' title='bbox 632 3293 755 3366; x_wconf 87' lang='lat' dir='ltr'>urbem</span> <span class='ocrx_word' id='word_1_237' title='bbox 779 3301 995 3366; x_wconf 81' lang='lat' dir='ltr'>munitionum</span> <span class='ocrx_word' id='word_1_238' title='bbox 1018 3297 1173 3386; x_wconf 84' lang='lat' dir='ltr'>expresse</span> <span class='ocrx_word' id='word_1_239' title='bbox 1196 3299 1303 3395; x_wconf 80' lang='lat' dir='ltr'>desig·</span> 
     </span>
     <span class='ocr_line' id='line_1_31' title="bbox 93 3386 1302 3482; baseline -0.001 -16"><span class='ocrx_word' id='word_1_240' title='bbox 93 3425 99 3433; x_wconf 83' lang='lat'>·</span> <span class='ocrx_word' id='word_1_241' title='bbox 157 3394 235 3466; x_wconf 87' lang='lat' dir='ltr'>nati</span> <span class='ocrx_word' id='word_1_242' title='bbox 255 3391 459 3463; x_wconf 88' lang='lat' dir='ltr'>adverterit.</span> <span class='ocrx_word' id='word_1_243' title='bbox 510 3386 577 3461; x_wconf 78' lang='lat' dir='ltr'>tto</span> <span class='ocrx_word' id='word_1_244' title='bbox 599 3388 691 3460; x_wconf 90' lang='lat' dir='ltr'>enim</span> <span class='ocrx_word' id='word_1_245' title='bbox 715 3389 899 3460; x_wconf 79' lang='lat' dir='ltr'>colleitive</span> <span class='ocrx_word' id='word_1_246' title='bbox 918 3389 1002 3463; x_wconf 89' lang='lat' dir='ltr'>sumi</span> <span class='ocrx_word' id='word_1_247' title='bbox 1018 3389 1134 3482; x_wconf 79' lang='lat' dir='ltr'>posht&#39;,</span> <span class='ocrx_word' id='word_1_248' title='bbox 1161 3395 1302 3472; x_wconf 81' lang='lat' dir='ltr'>debeat·</span> 
     </span>
     <span class='ocr_line' id='line_1_32' title="bbox 161 3485 1300 3582; baseline -0.005 -23"><span class='ocrx_word' id='word_1_249' title='bbox 161 3511 249 3582; x_wconf 89' lang='lat' dir='ltr'>que,</span> <span class='ocrx_word' id='word_1_250' title='bbox 292 3488 496 3582; x_wconf 79' lang='lat' dir='ltr'>hogularem</span> <span class='ocrx_word' id='word_1_251' title='bbox 525 3502 641 3557; x_wconf 88' lang='lat' dir='ltr'>tamen</span> <span class='ocrx_word' id='word_1_252' title='bbox 667 3507 851 3558; x_wconf 86' lang='lat' dir='ltr'>numerum</span> <span class='ocrx_word' id='word_1_253' title='bbox 875 3485 955 3558; x_wconf 89' lang='lat' dir='ltr'>ideo</span> <span class='ocrx_word' id='word_1_254' title='bbox 979 3487 1127 3578; x_wconf 84' lang='lat' dir='ltr'>captasse</span> <span class='ocrx_word' id='word_1_255' title='bbox 1152 3492 1300 3581; x_wconf 92' lang='lat' dir='ltr'>prophe.</span> 
     </span>
     <span class='ocr_line' id='line_1_33' title="bbox 159 3579 1356 3692; baseline 0.002 -34"><span class='ocrx_word' id='word_1_256' title='bbox 159 3589 269 3658; x_wconf 88' lang='lat' dir='ltr'>ticum</span> <span class='ocrx_word' id='word_1_257' title='bbox 293 3585 478 3676; x_wconf 85' lang='lat' dir='ltr'>Spiritum,</span> <span class='ocrx_word' id='word_1_258' title='bbox 512 3599 552 3654; x_wconf 89' lang='lat' dir='ltr'>ut</span> <span class='ocrx_word' id='word_1_259' title='bbox 576 3581 728 3670; x_wconf 80' lang='lat' dir='ltr'>Gezom,</span> <span class='ocrx_word' id='word_1_260' title='bbox 755 3588 967 3655; x_wconf 85' lang='lat' dir='ltr'>amrrrritione</span> <span class='ocrx_word' id='word_1_261' title='bbox 983 3579 1081 3656; x_wconf 85' lang='lat' dir='ltr'>firma</span> <span class='ocrx_word' id='word_1_262' title='bbox 1098 3607 1226 3658; x_wconf 89' lang='lat' dir='ltr'>nomeu</span> <span class='ocrx_word' id='word_1_263' title='bbox 1244 3588 1301 3662; x_wconf 89' lang='lat' dir='ltr'>ha-</span> <span class='ocrx_word' id='word_1_264' title='bbox 1329 3653 1356 3692; x_wconf 56' lang='grc' dir='ltr'><em>Ι</em></span> 
     </span>
     <span class='ocr_line' id='line_1_34' title="bbox 155 3677 1298 3776; baseline 0.002 -20"><span class='ocrx_word' id='word_1_265' title='bbox 155 3685 336 3767; x_wconf 86' lang='lat' dir='ltr'>bentem,</span> <span class='ocrx_word' id='word_1_266' title='bbox 376 3681 485 3776; x_wconf 85' lang='lat' dir='ltr'>digito</span> <span class='ocrx_word' id='word_1_267' title='bbox 515 3677 606 3767; x_wconf 82' lang='lat' dir='ltr'>quast</span> <span class='ocrx_word' id='word_1_268' title='bbox 638 3678 867 3770; x_wconf 90' lang='lat' dir='ltr'>monstraret,</span> <span class='ocrx_word' id='word_1_269' title='bbox 908 3682 1086 3771; x_wconf 82' lang='lat' dir='ltr'>plusquam</span> <span class='ocrx_word' id='word_1_270' title='bbox 1115 3685 1298 3774; x_wconf 83' lang='lat' dir='ltr'>probabile</span> 
     </span>
     <span class='ocr_line' id='line_1_35' title="bbox 159 3777 1299 3869; baseline 0.004 -18"><span class='ocrx_word' id='word_1_271' title='bbox 159 3777 210 3853; x_wconf 84' lang='lat' dir='ltr'>fit.</span> <span class='ocrx_word' id='word_1_272' title='bbox 261 3779 437 3865; x_wconf 86' lang='lat' dir='ltr'>Accedit,</span> <span class='ocrx_word' id='word_1_273' title='bbox 458 3779 606 3849; x_wconf 85' lang='lat' dir='ltr'>verbum</span> <span class='ocrx_word' id='word_1_274' title='bbox 627 3781 684 3850; x_wconf 67' lang='grc'>1111</span> <span class='ocrx_word' id='word_1_275' title='bbox 698 3792 825 3869; x_wconf 84' lang='lat' dir='ltr'>repere,</span> <span class='ocrx_word' id='word_1_276' title='bbox 859 3799 931 3869; x_wconf 88' lang='lat' dir='ltr'>quo</span> <span class='ocrx_word' id='word_1_277' title='bbox 948 3780 1080 3868; x_wconf 89' lang='lat' dir='ltr'>utitur,</span> <span class='ocrx_word' id='word_1_278' title='bbox 1106 3780 1202 3868; x_wconf 78' lang='lat' dir='ltr'>cujus</span> <span class='ocrx_word' id='word_1_279' title='bbox 1219 3804 1299 3868; x_wconf 85' lang='lat' dir='ltr'>pro</span> 
     </span>
    </p>
   </div>
   <div class='ocr_carea' id='block_1_3' title="bbox 152 3873 1302 4073">
    <p class='ocr_par' dir='ltr' id='par_1_3' title="bbox 152 3873 1302 4073">
     <span class='ocr_line' id='line_1_36' title="bbox 152 3873 1299 4046; baseline 0.005 -100"><span class='ocrx_word' id='word_1_280' title='bbox 152 3879 255 3976; x_wconf 85' lang='lat' dir='ltr'>prius</span> <span class='ocrx_word' id='word_1_281' title='bbox 275 3875 352 3950; x_wconf 91' lang='lat' dir='ltr'>usus</span> <span class='ocrx_word' id='word_1_282' title='bbox 367 3873 417 3950; x_wconf 86' lang='lat' dir='ltr'>est</span> <span class='ocrx_word' id='word_1_283' title='bbox 432 3876 467 3950; x_wconf 89' lang='lat' dir='ltr'>in</span> <span class='ocrx_word' id='word_1_284' title='bbox 484 3891 619 3972; x_wconf 84' lang='lat' dir='ltr'>eepmre</span> <span class='ocrx_word' id='word_1_285' title='bbox 629 3875 789 4046; x_wconf 56' lang='lat' dir='ltr'>pergine,</span> <span class='ocrx_word' id='word_1_286' title='bbox 807 3875 901 3950; x_wconf 88' lang='lat' dir='ltr'>unde</span> <span class='ocrx_word' id='word_1_287' title='bbox 918 3873 960 3948; x_wconf 86' lang='lat' dir='ltr'>ad</span> <span class='ocrx_word' id='word_1_288' title='bbox 976 3876 1011 3949; x_wconf 94' lang='lat' dir='ltr'>id</span> <span class='ocrx_word' id='word_1_289' title='bbox 1025 3897 1132 3952; x_wconf 88' lang='lat' dir='ltr'>omne</span> <span class='ocrx_word' id='word_1_290' title='bbox 1147 3879 1299 3968; x_wconf 81' lang='lat' dir='ltr'>transit,</span> 
     </span>
     <span class='ocr_line' id='line_1_37' title="bbox 733 3981 1302 4073; baseline 0.014 -27"><span class='ocrx_word' id='word_1_291' title='bbox 733 3995 788 4048; x_wconf 94' lang='lat' dir='ltr'>oo</span> <span class='ocrx_word' id='word_1_292' title='bbox 812 3993 833 4066; x_wconf 80' lang='lat' dir='ltr'>‘t</span> <span class='ocrx_word' id='word_1_293' title='bbox 1207 3981 1302 4073; x_wconf 86' lang='lat' dir='ltr'>quod</span> 
     </span>
    </p>
   </div>
   <div class='ocr_carea' id='block_1_4' title="bbox 0 0 1712 4746">
    <p class='ocr_par' dir='ltr' id='par_1_4' title="bbox 0 0 1712 4746">
     <span class='ocr_line' id='line_1_38' title="bbox 0 0 1712 4746; baseline 0 12"><span class='ocrx_word' id='word_1_294' title='bbox 0 0 1712 4746; x_wconf 95' lang='lat' dir='ltr'> </span> 
     </span>
    </p>
   </div>
  </div>
 </body>
</html>
