3386 4744
410 422 495 478 AD·
544 397 581 498 D
629 399 664 476 A
711 399 759 480 N.
812 427 874 488 xi:
923 427 984 483 22.
1071 439 1097 462 ἰ
1189 435 1261 517 537

101 585 217 683 scintis
239 603 280 656 ac
301 576 486 671 obtestantis
510 579 720 676 potestatem
742 605 817 660 non
834 583 903 657 effe
917 584 1155 680 seponendum
1173 588 1261 664 locis

110 683 245 770 citatis,
273 676 335 753 ubi
356 678 400 750 de
420 675 541 752 hieiiia
564 681 679 776 agitur
686 708 702 770 ,-
734 681 793 754 sed
814 681 886 756 iine
910 687 1066 761 ratione:
1093 687 1178 758 iicet
1194 687 1260 759 irn-

110 779 295 875 morigeris
319 797 365 848 ex
379 777 514 870 populo
531 775 602 850 scie
616 781 722 853 talem
738 779 938 872 praestiterit
953 781 1109 856 Christus
1125 784 1161 858 vi
1181 803 1257 855 mu·

108 879 224 964 neris,
251 890 290 948 ut
314 872 402 946 solet
422 876 620 969 Imperator
641 878 925 954 exorbitantibus
949 881 1129 954 militibus.
1187 879 1257 952 Sed

108 971 292 1068 adversarii
317 965 681 1066 fignificatumplane
710 995 786 1046 non
805 971 982 1049 admittit.
1007 980 1120 1052 multo
1143 975 1271 1074 minus„

108 1073 148 1146 in
163 1073 231 1144 hac
245 1071 303 1141 vel
317 1065 419 1141 strnili
432 1067 563 1160 phrafi,
589 1089 665 1160 quae
682 1069 741 1143 hic
756 1073 942 1166 reperitur.
1263 1105 1267 1112 ·

161 1173 193 1258 ς.
210 1166 250 1242 C.
302 1164 491 1239 Vertamus
511 1165 632 1256 itaque
656 1187 721 1240 nos
743 1167 786 1240 ad
809 1190 890 1256 eos,
925 1171 984 1261 qui
1008 1171 1119 1244 verba
1142 1171 1261 1247 nostra

111 1289 194 1344 cum
213 1263 493 1359 praecedentibus
504 1262 679 1358 jungunt,
707 1263 848 1338 &num
871 1266 980 1338 durem
995 1267 1110 1360 hunc,
1137 1291 1260 1344 coram

109 1362 296 1438 Antiocho
312 1359 479 1445 statium,
506 1358 807 1450 monstraverint,
834 1362 1066 1456 dispiciamus.
1116 1365 1157 1440 ln
1176 1369 1260 1442 duas

110 1460 321 1534 scinduntur
339 1472 454 1552 partes
474 1456 711 1552 interpretes,
738 1481 889 1550 quorum
908 1461 966 1533 alii
982 1462 1024 1534 ad
1034 1459 1153 1552 foedus
1167 1466 1264 1539 inter

110 1560 219 1650 Syros
238 1558 271 1630 δι
293 1556 514 1653 Aegyptios,
544 1556 601 1628 alii
623 1555 667 1630 ad
682 1557 856 1631 Divinum
871 1555 997 1632 foedus
1012 1581 1095 1633 cum
1109 1558 1261 1655 Judaeis,

48 1731 51 1738 ,
109 1657 236 1730 oculos
266 1651 422 1730 flectunt.
472 1653 635 1743 Priores,
675 1675 722 1727 ne
745 1655 907 1728 omniurn
936 1656 1029 1730 lusus
1051 1655 1259 1750 proferam,
1295 1690 1297 1698 ¹

9 1789 11 1794 v
110 1755 169 1826 vel
192 1755 229 1826 in
249 1751 478 1826 Ptolemaeum
496 1751 793 1838 Philometorem,
818 1750 969 1825 foedere
984 1753 1167 1828 Antiocho
1179 1757 1260 1845 jun·

19 1895 22 1902 f
109 1849 227 1939 ciunt,
251 1849 310 1923 sed
331 1852 375 1922 ab
394 1870 438 1922 eo
455 1845 696 1934 confracium,
721 1863 880 1924 mentem
896 1847 1073 1947 defigunt,
1099 1868 1138 1926 ut
1153 1853 1260 1930 Mun·

109 1948 244 2040 sterus,
271 1947 461 2034 Vatablus‚
486 1945 732 2030 trataonaars,
759 1945 891 2035 tratti,
917 1949 976 2020 vel
999 1946 1261 2044 Tryphonem,

68 2095 77 2109 κ
108 2047 228 2122 nescio
252 2067 387 2138 quern,
424 2065 469 2116 ex
494 2043 648 2118 tenebris
672 2042 896 2136 producunt,
932 2067 1040 2118 unum
1059 2067 1101 2116 ex
1122 2071 1261 2146 magna·

108 2147 203 2220 tibus
227 2143 438 2238 Aegyptiis,
464 2141 520 2232 qui
537 2156 638 2214 autor
656 2142 742 2212 novi
762 2140 915 2212 foederis
930 2141 1023 2214 inter
1038 2141 1260 2223 Antiochum
1299 2223 1300 2232 ,

110 2243 145 2314 &
162 2239 436 2314 Philometorern
453 2233 592 2322 fuisset,
619 2259 689 2326 quo
705 2236 762 2305 iile
780 2236 884 2326 hujus
901 2251 1002 2312 tutor
1015 2237 1101 2312 ciset
1120 2228 1257 2330 factus,
1286 2299 1289 2304 .

108 2360 198 2415 mox
213 2337 255 2408 ab
272 2333 453 2407 Antiocho
468 2353 488 2402 e
505 2334 621 2404 medio
641 2331 804 2405 sublitur.
856 2331 995 2406 Neutra
1011 2332 1182 2408 sententia
1196 2359 1259 2410 ve·

110 2459 189 2512 rurn
213 2432 328 2519 tituli,
354 2425 616 2520 durisfoedrris,
643 2425 776 2501 sensum
791 2427 948 2521 praestat,
973 2447 1014 2504 ut
1031 2452 1076 2506 ex
1091 2431 1191 2526 supra
1209 2434 1260 2506 di·

111 2535 173 2610 tris
202 2530 306 2605 facile
329 2525 561 2620 conspicitur:
587 2547 660 2598 non
678 2526 771 2598 enirn
791 2525 1016 2602 foederatum
1032 2527 1257 2626 simpliciter,

110 2650 172 2708 aut
186 2625 342 2704 foederis
360 2621 652 2709 conciliatorem,
677 2619 735 2694 sed
748 2621 1013 2700 strenuiihmunr
1029 2626 1261 2722 principem,

110 2732 168 2826 qui
192 2725 318 2801 foedus
340 2739 475 2799 tutatur
498 2723 531 2796 iic
556 2720 732 2808 vindicat,
758 2721 932 2818 designat:
959 2724 1067 2816 qualis
1090 2745 1158 2798 nec
1175 2725 1258 2819 Ptof
1377 2767 1388 2794 .

108 2833 274 2916 temous,-
300 2824 359 2918 qui
380 2837 552 2916 praetcrea
567 2817 803 2912 Coelesyriam
819 2819 1044 2914 repetendo,
1067 2844 1110 2895 wac
1126 2823 1260 2900 bellurn

109 2921 336 3018 incipiendo,
361 2921 545 3014 antiquum
569 2913 718 3002 foedus,
744 2935 907 3088 ternpore
932 2915 1105 2994 Antiochi
1122 2920 1175 2993 M.
1193 2921 1261 3018 ini7

111 3043 208 3106 turn,
236 3019 352 3115 rupit,
376 3039 443 3090 nec
464 3015 661 3110 Tryphon,
687 3012 790 3086 fivel
829 3015 965 3088 oederis
994 3017 1140 3094 ineundi
1156 3033 1261 3094 autor

112 3117 252 3205 fuiiict,
276 3115 396 3186 haberi
412 3115 481 3188 ulla
495 3115 632 3186 ratione
649 3113 794 3202 poterit.
843 3114 911 3186 Sed
927 3113 1125 3208 Tryphon,
1154 3139 1262 3210 quem
1305 3111 1308 3120 ‘

113 3212 233 3293 nescio
258 3233 326 3304 qua
353 3211 546 3282 autoritate
579 3209 622 3303 in
638 3207 783 3280 'scenam
808 3208 1089 3307 produxerunt,
1112 3211 1261 3305 Junius‚

112 3305 293 3396 Piscator,
335 3305 527 3394 Launaeus,
546 3302 682 3396 Belgoe
700 3324 840 3395 quoque
864 3301 998 3391 nostri,
1016 3301 1262 3406 .&}Gejerus,

113 3413 190 3500 alii,
216 3405 355 3481 fiiiitius
372 3399 443 3488 est,
468 3399 601 3474 anullo
616 3399 846 3492 probatorum
863 3399 1076 3492 scriptorum
1089 3402 1263 3480 memma.

114 3527 184 3586 tus.
210 3565 215 3574 .
240 3501 421 3602 Tryphonis
443 3497 560 3594 trojia,
592 3510 748 3592 tanquam
768 3493 1064 3586 antorisfoederir,
1087 3497 1262 3596 irremimffe

114 3607 328 3703 Appianum,
366 3621 474 3694 quum
498 3595 647 3691 chcrus
669 3593 773 3681 dicit,
805 3593 947 3670 fontem
973 3597 1121 3686 erroris,
1155 3595 1261 3692 quem

114 3699 223 3780 Docti
239 3697 316 3774 Viri
333 3710 511 3784 errarunt,
536 3694 638 3769 nobis
654 3691 819 3790 detegite
839 3691 993 3769 videtur.
1021 3693 1149 3772 Nullus
1164 3696 1261 3772 enim

42 3889 51 3906 .
115 3799 209 3900 apud
224 3795 427 3894 Appianum
442 3793 599 3871 occurrit
611 3791 933 3965 Tryphonpraeter
947 3793 1175 3967 iiiuma,qup
1187 3793 1263 3898 An·

599 3926 602 3933 '
711 3911 767 3986 yy
1077 3907 1150 3970 HOC
1177 3913 1259 3992 um)

153 4018 382 4101 amp-21³³
428 4029 431 4036 ’
637 4075 682 4099 Ν,
