3494 4802
203 381 213 387 ’
297 457 356 517 n>
402 397 1166 530 unarcrnraonnrnnrs.
1242 442 1311 532 ιρι

31 605 33 666 J
152 615 341 733 aliquando
367 631 448 732 post
469 649 549 710 orta
577 627 681 707 fuisse
706 627 812 705 facile
836 626 986 705 evincit.
1049 627 1160 730 Quod
1182 625 1313 730 Angeli

150 736 344 830 explicatio
373 733 520 808 ulterius
549 729 765 819 confirmat3
799 747 910 826 quum
931 733 963 802 c.
988 745 1059 802 un:
1086 747 1143 816 24.
1169 749 1306 804 comm

31 873 32 930 ς
155 837 360 929 exponens,
384 853 424 906 ex
438 855 478 905 -eo
497 851 596 926 regno
623 827 690 902 alia
710 827 836 902 decem
856 823 926 899 elle
946 829 1077 900 murra
1097 823 1207 916 dicit,
1230 845 1311 925 reg.
1419 833 1426 840 '

31 971 32 984 κ
155 952 205 1007 no
235 933 381 1026 itaque,
416 950 484 1024 per
506 925 653 1002 bestiam
676 918 838 1020 depicto,
871 920 1080 1020 posteriora.
1140 921 1310 1000 Tertium

31 1063 32 1066 Ν
152 1051 246 1104 vero
275 1027 388 1104 visum
409 1027 454 1101 de
477 1023 612 1115 Hirro,
650 1025 804 1117 primum
833 1026 1017 1110 unicorne,
1054 1017 1139 1094 dein
1170 1035 1310 1116 quatuor

149 1146 330 1204 cornuum
354 1127 391 1199 in
413 1125 517 1198 unius
531 1125 684 1210 locum,
717 1135 818 1194 entra
837 1117 984 1193 dubium
1008 1115 1176 1191 collocet.
1228 1115 1310 1211 Vrsa

31 1197 33 1214 ι
153 1240 276 1300 autem
295 1222 332 1296 se
355 1222 513 1296 invicem
536 1217 730 1306 illustrare,
751 1214 855 1310 supra
877 1216 946 1306 iam
968 1211 1032 1286 suo
1047 1211 1131 1288 loco
1144 1209 1312 1288 obstrue*
1430 1211 1451 1235 ²
1598 1319 1603 1326 .

31 1407 32 1410 Ἴ
145 1323 218 1412 ui,
245 1322 280 1393 δι
306 1341 364 1393 res
388 1316 460 1412 ipsa
485 1319 605 1392 docet.
683 1341 694 1365 e
1244 1359 1248 1365 -

202 1419 237 1508 §.
249 1413 416 1490 XXXlV.
440 1413 606 1508 Duplicis
618 1412 723 1505 hujtrs
739 1405 879 1508 periodi
897 1405 1036 1481 renone
1051 1403 1190 1496 habita,
1210 1405 1323 1502 quor,

31 1559 32 1564 =
146 1529 188 1588 ta
209 1537 290 1610 pers
313 1511 498 1609 imaginis,
523 1531 600 1604 quae
622 1529 722 1585 crura
744 1506 882 1594 icrrca,
907 1503 941 1576 dc
959 1502 1071 1598 pedes
1088 1523 1169 1582 cum
1188 1504 1306 1601 digitis

150 1613 273 1688 mixtae
293 1611 469 1698 materiae,
488 1604 612 1704 ferree
635 1609 670 1682 &
691 1609 807 1696 lutee,
831 1599 999 1700 prefert,
1024 1597 1192 1696 &quarta
1206 1601 1305 1694 fera,

31 1753 32 1766 ι
152 1709 257 1784 decem
286 1728 422 1782 cornua
450 1709 487 1781 in
512 1705 628 1800 capite
644 1723 809 1802 gerens,
845 1719 889 1772 ex
916 1719 996 1788 mea
1018 1698 1189 1792 opinione
1217 1697 1306 1802 Reg.

31 1841 33 1878 l
152 1829 231 1881 num
253 1807 298 1880 ab
316 1805 522 1880 Alexandro
543 1804 597 1877 M.
620 1801 838 1887 fundatum,
863 1795 898 1869 dt
919 1793 999 1890 post
1025 1793 1127 1890 ipfius
1142 1811 1304 1877 mortem

149 1907 187 1981 in
209 1904 309 1979 varia
333 1923 441 2002 regna
464 1897 687 1986 distractum,
727 1897 887 1990 adeoque
915 1913 1065 1990 regnum
1087 1893 1205 1987 primo
1229 1900 1305 1970 uni·
1454 1935 1457 1944 ,

146 2009 223 2076 tum
238 2041 255 2090 ,-
286 2001 368 2074 dein
388 1997 531 2096 diuisum
541 2045 560 2095 ,
592 1992 849 2090 repraesentat3
880 1992 929 2074 ita
951 2005 992 2065 ut
1014 1987 1245 2076 cruraferrea
1267 1992 1303 2067 dc

147 2111 272 2198 quarta
298 2098 376 2173 fera
396 2097 439 2172 ad
459 2116 608 2194 regnum
631 2090 822 2167 Alexandri
843 2087 968 2184 ipius,
1000 2090 1092 2182 pedes
1112 2108 1194 2164 cum
1218 2089 1304 2186 digi.

143 2197 196 2274 'tis
219 2195 255 2270 ἃ
277 2197 402 2273 decern
484 2215 551 2267 nne
574 2190 617 2264 ad
640 2187 919 2264 Alexandrinum
942 2181 1121 2272 divisum,
1160 2205 1304 2278 exque

151 2295 213 2370 uel
235 2296 273 2369 in
295 2317 367 2390 quo
387 2293 457 2368 toti
505 2313 540 2365 m
559 2308 671 2385 regna
695 2301 820 2359 exorta
841 2279 941 2368 lunt,
968 2280 1196 2373 pertineant:
1229 2281 1302 2358 hoc

145 2397 291 2468 'tantum
312 2414 395 2468 cum
414 2387 634 2474 discrimine,
659 2381 755 2476 quod
773 2379 869 2476 pedes
884 2375 1029 2471 &digiti
1051 2395 1178 2470 regna,
1202 2396 1304 2468 que,
1427 2439 1431 2446 .

144 2489 227 2564 ·srve
249 2513 331 2566 mox
353 2513 374 2564 a
393 2501 513 2564 morte
537 2477 750 2566 Alexandri,
775 2475 849 2550 live
873 2469 1074 2564 aliquandiu
1092 2469 1171 2563 post
1189 2483 1301 2564 orte,

147 2589 318 2686 uigerent
341 2587 402 2663 vel
424 2581 649 2658 subsrsterent
666 2576 760 2654 cirea
782 2585 947 2664 tempus,
971 2587 1045 2662 quo
1063 2567 1148 2661 lapis
1162 2569 1200 2642 in
1217 2568 1303 2643 ima·

91 2750 94 2756 .
148 2685 273 2784 'ginem
295 2686 492 2782 impingere
515 2680 716 2772 inciperet,
741 2664 988 2763 conspicienda
1009 2663 1209 2759 praebeant:
1235 2687 1303 2739 cor·

153 2803 337 2860 renovem
358 2799 552 2882 regnorum
573 2775 642 2850 sint
663 2770 900 2856 emblemata,
924 2783 1002 2858 quae
1025 2763 1126 2837 brevi
1148 2761 1228 2859 post
1251 2764 1302 2838 A·

152 2880 312 2957 lexandri
331 2895 487 2956 mortem
506 2877 543 2949 in
565 2874 683 2950 lucem
704 2867 917 2964 prodirent,
950 2859 1012 2936 sed
1034 2860 1185 2958 aliquam
1210 2861 1302 2936 subi.

153 2995 237 3056 rent
264 2975 447 3082 progrelsu
467 2973 641 3068 temporis
654 2965 912 3051 mutationcm3
937 2980 1006 3053 qua
1021 2953 1149 3050 fieret,
1174 2975 1215 3034 ut
1231 2965 1302 3034 tria

151 3097 220 3172 per
242 3099 351 3152 unum
373 3073 667 3158 destruerentur,
698 3066 732 3142 δι
757 3067 841 3138 loco
861 3058 1061 3148 cederenc3
1092 3057 1151 3131 cui
1177 3055 1301 3152 postea

31 3227 32 3230 a
150 3174 213 3248 *duo
235 3176 304 3250 alia
317 3195 425 3272 regna
445 3163 480 3246 sc'
497 3171 601 3261 adjun
627 3179 751 3253 erent,
774 3175 962 3236 numerum
979 3151 1163 3228 denarimn
1180 3155 1302 3231 denuo

152 3275 389 3368 completque.
444 3267 555 3368 Quod
580 3189 728 3355 niqueto
754 3255 940 3330 discrimen
965 3269 1010 3323 ex
1037 3248 1110 3344 ipsa
1139 3250 1298 3326 visorum

156 3369 417 3448 constructione
444 3370 571 3461 cuique
598 3358 704 3456 paulo
726 3352 916 3428 adtentlori
944 3346 1048 3420 facile
1077 3345 1149 3419 sese
1176 3345 1299 3422 offert.

153 3461 270 3568 Digiti
288 3453 392 3545 'enim
419 3467 500 3542 sunt
528 3459 659 3559 pedum
682 3471 867 3536 extrema,
903 3443 1081 3553 &lapidis
1110 3439 1299 3534 inpulsum

152 3568 256 3661 primi
282 3580 527 3662 exceperunt:
553 3558 714 3649 adeoque
728 3571 774 3624 eo
795 3561 959 3638 tempore
976 3537 1177 3614 existerent.
1213 3539 1299 3612 Cor-

154 3685 227 3742 nua
249 3687 339 3740 vero
363 3664 435 3738 sele
457 3681 540 3736 mox
560 3655 804 3738 ostentarunt,
830 3645 879 3719 ita
894 3657 936 3716 ut
957 3655 1083 3711 eorum
1100 3650 1219 3710 ortum
1235 3637 1299 3711 vix

31 3765 33 3810 l
151 3762 445 3840 animadverterit
467 3757 615 3844 Daniel,
646 3751 680 3824 dc
705 3750 866 3824 interea
883 3757 1031 3834 parvum
1049 3733 1195 3827 aliquoi
1218 3732 1299 3810 sub·

142 3876 280 3936 ,natum
301 3865 369 3932 tria
390 3852 606 3932 eradicavit:
640 3850 770 3942 absque
798 3857 840 3916 ut
856 3839 1000 3913 dicatur
1028 3850 1090 3908 aut
1116 3849 1299 3932 negetur,
1411 3841 1415 3848 ’

113 4053 117 4064 Ι
154 3956 280 4035 locum
299 3979 427 4036 eorum
447 3955 496 4033 ab
517 3973 581 4027 uua
603 3949 687 4041 illc,
712 3967 760 4022 an
779 3963 801 4017 a
821 3941 928 4016 tribus
945 3929 1300 4048 euqsupplendume

1203 4026 1305 4124 ⁹⁰0³
