3464 4774
436 421 510 522 ‚692
601 353 1431 520 comae-majansius

438 605 597 698 'sperasset
613 607 759 701 'sepserat
771 599 852 692 εἷλε,
871 611 896 708 »ᾗ
914 613 941 681 ir
956 599 1097 696 Aspendos
1114 593 1292 696 secesserint
1307 602 1360 670 tut
1374 592 1456 670 ἕκτον
1471 605 1590 668 maaet

440 707 552 799 pater,
580 699 810 799 deparevspsoor
830 703 913 796 perd
935 706 1084 788 dissors,
1118 719 1177 792 quo
1195 708 1331 790 tempore
1345 692 1590 765 Artaxiamce·

433 800 489 892 pit
516 794 729 886 Armenium,
757 795 800 880 Θ
823 803 859 870 ser
873 795 1064 892 Aegyptum
1071 791 1217 888 suscepit
1232 792 1463 885 expeditionem
1478 801 1590 860 contra

439 889 649 966 Ptolemaeum
663 897 817 988 sextum,
853 908 948 988 petre
970 895 1080 964 arbum
1100 914 1172 964 rum
1186 885 1301 981 fratre
1316 887 1388 962 dec.v
1433 885 1590 960 Tuscum

441 985 596 1080 denique
620 989 739 1080 abest,
774 1004 814 1064 ut
837 989 906 1062 hoe
928 1007 1092 1081 tempore
1117 1003 1242 1064 contra
1257 985 1448 1060 Armenios
1469 1001 1590 1056 move·

440 1085 510 1172 rit,
537 1085 653 1160 &eos
673 1088 710 1160 in
733 1087 895 1162 ordinem
919 1085 1114 1182 redegerit,
1141 1097 1183 1158 ut
1202 1082 1362 1176 pecunia
1378 1079 1592 1173 inopiaeum

444 1179 489 1256 ad
509 1180 577 1255 iter
600 1184 637 1258 in
660 1181 853 1276 superiores
872 1183 970 1280 regni
988 1181 1149 1279 regiones
1168 1179 1349 1276 copgerit,
1373 1177 1519 1273 ipseque
1536 1195 1594 1248 eas

399 1301 403 1306 ·
440 1281 707 1375 peragraverit,
725 1282 768 1356 de
789 1282 827 1357 in
850 1280 1022 1358 Persidem
1041 1277 1294 1372 adsemplum
1307 1273 1508 1351 Dianaevel
1523 1269 1593 1344 Ve-

445 1377 540 1450 neris
571 1379 787 1472 spoliandum
810 1378 1068 1454 contenderit..
1106 1373 1196 1473 Qua
1225 1373 1345 1448 omnia
1374 1393 1420 1446 ex
1444 1370 1593 1444 rMaec.

448 1491 531 1548 111:
561 1497 634 1565 ep·
658 1477 692 1550 &
715 1499 772 1550 vr:
803 1497 832 1548 r.
867 1475 903 1549 in
927 1475 1054 1570 vulgus
1078 1487 1164 1547 nota
1191 1468 1281 1544 sunt.
1338 1468 1393 1542 Ex
1415 1483 1462 1542 eo
1484 1489 1592 1554 veru,

438 1569 545 1662 *quod
575 1586 709 1664 partem
731 1573 906 1646 exercitus
931 1572 1049 1646 secum
1071 1567 1211 1646 duxerit
1233 1567 1452 1655 Antiochus,
1478 1564 1594 1661 colligi

448 1667 813 1766 cum1Juagmannoa
835 1692 908 1746 non
929 1667 1045 1764 polle,
1068 1689 1149 1740 eum
1175 1687 1249 1740 non
1270 1665 1313 1738 ad
1327 1685 1416 1758 opes
1431 1662 1598 1759 colligeu·

451 1763 511 1836 das
535 1778 673 1840 tantum
698 1765 842 1856 abiisse,
874 1767 934 1842 sed
956 1763 1200 1840 &Armenios
1224 1762 1447 1856 puniendos,
1473 1759 1596 1852 dequo
1696 1837 1702 1852 ,

442 1881 500 1944 ¹ne
522 1863 674 1934 verbum
695 1864 835 1954 quidem
858 1863 965 1936 habet
986 1859 1192 1949 historicus,
1219 1860 1310 1932 haud
1325 1857 1510 1932 difficulter
1524 1877 1596 1929 cer·

451 1955 571 2030 auur:
597 1958 748 2032 maxime
771 1981 851 2036 curn
876 1981 938 2033 rex
961 1960 1087 2053 partim
1103 1957 1146 2032 ad
1162 1958 1292 2032 tributa
1306 1955 1499 2054 exigenda,
1525 1975 1598 2048 quae

450 2051 702 2140 recusaverant
723 2057 878 2152 pendere
900 2059 1024 2152 populi
1047 2077 1168 2132 earum
1190 2056 1400 2152 regionum,
1433 2051 1521 2129 teste
1542 2073 1600 2126 eo·

454 2152 537 2226 dem
560 2147 783 2252 scriptores,
810 2156 938 2248 partim
957 2154 1001 2228 ad
1016 2154 1262 2248 spoliationes,
1287 2153 1367 2228 data
1388 2149 1599 2241 occassone,

455 2248 686 2335 exercendas,
712 2266 752 2326 ut
767 2267 924 2344 eventus¹
937 2251 1184 2346 comprobavit
1195 2301 1213 2340 ,.
1233 2251 1346 2343 copiis
1368 2249 1556 2345 indigeret.

446 2397 449 2404 .
507 2349 539 2440 §.
562 2344 734 2421 CCXVll.
787 2369 821 2441 5.
845 2350 1033 2424 Terribilia
1053 2348 1204 2440 denique
1230 2352 1370 2421 tentoria
1385 2369 1455 2440 qua
1467 2346 1600 2422 ratione

455 2449 544 2518 soter
566 2450 672 2516 marie
694 2445 737 2518 ad
758 2461 895 2522 montem
915 2449 1033 2521 dereris
1044 2444 1254 2542 surditates,
1287 2443 1347 2520 seu
1370 2444 1530 2534 Thonis,
1555 2457 1602 2518 te

457 2539 606 2616 tendisse
626 2540 695 2612 dici
720 2542 840 2636 pollit3
881 2557 921 2618 ut
942 2543 993 2616 est
1012 2541 1103 2618 vers.
1127 2563 1214 2631 als-t
1240 2565 1311 2635 quo
1334 2558 1602 2637 temporenea-

442 2638 543 2716 ,dum
564 2638 607 2712 ad
622 2637 812 2716 orientales
827 2642 932 2737 regni
942 2656 1058 2735 partes
1074 2638 1254 2734 profectus
1270 2637 1359 2729 fuit,
1383 2639 1517 2734 percipi
1537 2639 1605 2732 pla·

330 2810 332 2816 ,
442 2758 508 2812 are
521 2736 666 2828 nequit,
682 2757 764 2812 cum
778 2738 849 2812 hoe
865 2753 1197 2832 temporemontem
1211 2735 1400 2816 Trionis&
1414 2737 1607 2828 Templum

444 2833 621 2916 ,anundum
642 2851 732 2902 occu
759 2833 869 2907 assent
890 2851 952 2908 aut
968 2833 1167 2931 purgassent
1181 2833 1388 2910 Maccabei:
1413 2833 1508 2924 quod
1524 2829 1606 2924 post

446 2926 530 3006 ¹iter
544 2927 588 2998 ab
603 2855 785 3000 Antiocho
799 2925 998 3022 susceptum
1017 2931 1159 3008 demum
1174 2929 1305 3008 sallum
1319 2928 1368 3004 'est
1381 2945 1414 3004 r:
1425 2927 1606 3004 oeeTfio·

443 3043 544 3120 mena
572 3043 592 3094 a
615 3021 725 3114 copiis
749 3023 918 3100 Antiochi
933 3041 1019 3102 tunc
1035 3027 1135 3103 fuisse
1150 3028 1343 3116 obsessum,
1368 3026 1461 3119 quod
1475 3025 1606 3122 phrasis

443 3117 621 3208 indicat,
670 3117 826 3216 legimus.
849 3185 852 3192 ,
877 3124 1088 3200 erudiendus
1117 3148 1190 3200 non
1213 3125 1264 3200 est
1286 3125 1518 3220 Porphyrius,
1536 3123 1608 3220 ·qui

445 3229 624 3302 ‚montem
653 3215 753 3292 Sabin
781 3220 820 3296 in
840 3220 1016 3298 Armenia*
1031 3224 1090 3299 vel
1112 3222 1370 3318 Mesopotamia
1390 3225 1541 3315 quatit,
1575 3221 1608 3295 dr

450 3314 520 3388 hic
544 3315 751 3412 intelligit,¹
770 3316 861 3392 teste
887 3319 1139 3414 Hieronymo,
1173 3343 1244 3413 quo
1264 3322 1350 3406 nihil
1373 3319 1425 3406 est
1446 3319 1610 3407 allenium

444 3414 601 3510 phrases
623 3417 718 3491 enim
740 3414 783 3488 ad
801 3429 946 3493 *montem
967 3433 1071 3492 terrae
1094 3419 1253 3509 decoris,
1283 3420 1343 3492 seu
1357 3415 1515 3510 λΙιιάεέιε,
1532 3413 1611 3510 son·

462 3511 565 3600 uum,
592 3512 760 3607 adeoque¹
777 3511 965 3603 Thonem,
993 3516 1086 3587 clare
1108 3517 1263 3603 ducunt,
1283 3537 1286 3546 ’
1303 3535 1372 3590 nec
1396 3515 1499 3590 satta
1513 3536 1610 3590 mon·

447 3626 537 3687 ‚tem
555 3611 604 3682 ibi
625 3606 841 3710 mpnstrere,
867 3627 927 3686 aut
947 3614 1120 3688 rationem
1140 3611 1248 3701 dare,
1274 3633 1384 3706 quare
1402 3612 1460 3686 hie
1482 3633 1612 3688 memo·

462 3727 583 3806 retur,
611 3709 685 3798 quis
708 3711 852 3800 poterit.
908 3711 944 3784 ό.
971 3703 1136 3804 Denique
1157 3706 1347 3802 descriptio
1371 3711 1498 3784 mortis
1513 3711 1611 3800 hujus

448 3807 579 3903 regis,
605 3801 649 3886 sd
671 3801 849 3882 densarat
859 3803 961 3900 finem
977 3803 1099 3904 suum,
1125 3829 1181 3880 net
1195 3812 1260 3880 erit
1272 3809 1402 3903 adjutor
1417 3805 1479 3903 ipſs
1488 3855 1500 3897 ,
1527 3805 1612 3883 vers.

1011 3967 1015 3974 .
1556 3923 1612 3996 45·

487 4009 745 4110 clepere.
838 4015 841 4020 ’
897 3985 1221 4101 truaconem.
1323 4027 1512 4112 chaere
