3444 4778
451 403 521 472 sn
580 396 618 470 D
669 399 703 474 A
752 396 800 474 N.
873 422 1016 494 xrtaq.
1064 483 1067 490 ,
1234 423 1303 512 557

150 577 227 682 nc,
259 593 437 670 insolitum
460 595 562 687 plane
592 596 627 668 ἃ
651 593 845 668 inauditum
868 598 1004 691 agendi
1017 601 1187 688 modum,
1226 627 1298 697 quo

148 689 222 762 sese
254 691 466 787 degenerem
499 692 601 782 plane
631 689 745 784 stirpis
774 693 1034 770 Seleucidarum
1057 696 1213 772 sobolem
1241 706 1298 772 de-

147 787 358 862 monstravit
380 787 601 876 Antiochus,
627 809 708 862 cum
731 790 765 862 in
785 791 945 862 familiari
961 795 1042 866 vitae
1058 795 1297 870 conversatio·

143 889 223 972 ne,
250 885 389 980 prorsus
410 885 685 958 extraordinaria
709 885 923 975 deridicula,
950 891 1048 980 cujus
1064 889 1163 986 supra
1177 897 1297 968 memi·

144 983 208 1070 ni,
249 1003 324 1056 tum
351 981 388 1054 in
416 979 513 1055 fartis
539 979 718 1073 &gestis,
757 981 835 1072 post
858 983 1061 1078 Aegyptum
1083 989 1117 1060 or
1139 988 1295 1080 Judaeam

145 1078 342 1167 violatam,
369 1078 413 1150 de
435 1097 505 1167 quo
527 1077 637 1148 modo
659 1093 779 1171 egerat
803 1079 997 1172 propheta,
1030 1101 1136 1172 quare
1152 1085 1225 1158 haec
1241 1110 1298 1159 or·

145 1175 233 1248 dine
254 1175 386 1247 &loco
409 1172 471 1246 suo
491 1187 573 1264 apte
593 1169 796 1262 sequuntur.
847 1171 937 1270 Quae
952 1175 1110 1250 facinora
1128 1203 1201 1254 non
1217 1179 1297 1256 sunt

144 1271 259 1368 longe
276 1270 481 1364 querenda,
522 1268 580 1340 sed
600 1266 750 1341 historiae
774 1289 847 1342 non
864 1271 1004 1364 prorsus
1026 1272 1192 1367 imperito
1213 1301 1298 1352 mox

144 1368 185 1440 in
215 1369 339 1442 oculos
360 1367 557 1444 incurrunt.
625 1363 744 1462 Quem
770 1366 864 1442 enim
892 1366 1095 1461 ludaeorum
1117 1373 1296 1470 religionis

145 1464 251 1538 causa
274 1462 494 1559 persecuti0,
526 1461 666 1556 abipso
693 1478 792 1537 tanto
815 1465 949 1558 impetu
976 1465 1165 1544 institutas
1191 1492 1297 1564 quem

144 1561 266 1653 quaeso
286 1559 519 1654 profusrllimae
543 1561 618 1652 ejus
639 1581 747 1653 opum
772 1559 908 1636 suarum
932 1561 1184 1657 dishpationes,
1210 1589 1294 1640 curn

144 1681 214 1753 per
238 1661 370 1734 insanas
403 1657 437 1730 or
462 1657 661 1732 temerarias
685 1657 915 1754 largitiones,
952 1675 1027 1736 tum
1056 1683 1119 1756 per
1140 1665 1228 1737 ludos
1253 1664 1298 1749 ἐφ’

129 1755 348 1854 spectacula,
384 1753 522 1850 prorsus
546 1754 746 1851 fingularia,
780 1756 918 1831 latent?
944 1758 1129 1852 inquibus
1152 1762 1298 1856 planea

144 1855 325 1946 majorum
348 1852 487 1926 tramite
512 1852 687 1942 descivit,
730 1853 999 1948 neminemque,
1038 1878 1144 1948 quem
1165 1859 1296 1933 imitari

145 1952 287 2046 potuit,
313 1950 446 2023 habuit.
498 1947 636 2050 Quibus
659 1949 785 2024 addere
809 1951 894 2024 licet
916 1950 1101 2046 superbam
1121 1955 1212 2054 regis
1231 1956 1294 2029 im·

131 2051 343 2142 pietatem,
364 2069 431 2139 qua
452 2048 487 2122 in
513 2047 642 2140 quaevis
664 2045 839 2136 Numina,
880 2049 1218 2138 &verum&falsa,
1244 2054 1296 2124 in.

145 2145 316 2231 surrexit,
344 2144 485 2232 seseque
504 2142 603 2235 supra
618 2163 660 2214 ea
675 2145 812 2218 extulit.
862 2143 949 2240 Quae
964 2147 1083 2218 omnia
1099 2147 1133 2218 in
1149 2147 1296 2240 sequen-

127 2243 242 2314 ·tibus
265 2238 469 2330 explicatius
494 2240 690 2310 traduntur.
739 2237 825 2334 Quo
847 2237 962 2310 nostra
982 2241 1184 2332 hypothesis
1202 2243 1294 2315 haud

57 2337 60 2344 '
145 2357 270 2432 parum
294 2334 568 2422 corroboratur,
593 2353 674 2404 cum
697 2330 873 2424 sequentia
893 2333 995 2422 hujus
1012 2337 1187 2430 pericopae
1201 2361 1294 2430 gene·

144 2437 230 2506 ralis
259 2431 445 2528 specialem
474 2427 779 2524 comprehendant
806 2427 1067 2505 dedusiionem.
1123 2435 1292 2508 Ceterum
1418 2481 1419 2487 κ

144 2529 275 2604 insanae
297 2529 371 2620 ejus
392 2547 504 2620 opum
525 2523 764 2614 prosusones,
796 2545 873 2617 quae
894 2523 1102 2622 singularem
1120 2529 1215 2602 hunc
1240 2551 1294 2601 re-

145 2649 229 2725 gern
258 2624 444 2714 fecerunt,
485 2645 530 2698 ne
557 2623 659 2698 nohis
680 2621 905 2712 exciderent,
937 2624 1112 2718 propheta
1135 2623 1292 2719 expresse
1384 2659 1394 2664 ·

143 2724 265 2812 addit,
290 2747 360 2796 eum
381 2723 542 2816 predam,
565 2721 692 2816 spolia,
725 2717 769 2802 ἐξ
786 2715 1000 2816 poffisfionem
1009 2719 1160 2795 Parrum
1176 2725 1293 2818 dilapi-

125 2825 299 2896 daturum
328 2819 410 2896 elle.
473 2819 653 2894 Memorat
675 2815 832 2891 distins'te
853 2819 1018 2911 praedau,
1033 2817 1142 2915 spolia
1165 2819 1208 2903 ἐξ
1219 2835 1291 2915 pos·

134 2917 306 3012 sesfirnem
325 2933 518 3014 paronam,
543 2932 582 2991 ut
603 2915 646 2989 ad
668 2913 810 3002 fontes,
836 2915 1020 3008 exquibus
1037 2939 1123 3010 opes
1141 2918 1214 3008 ejus
1229 2916 1293 2990 liu·

142 3031 295 3106 xerunt,
322 3015 468 3111 digitum
489 3013 710 3088 intenderet:
736 3011 835 3106 quod
853 3033 988 3087 novum
1011 3015 1126 3088 rursus
1149 3037 1289 3088 accura-

145 3114 254 3188 tionis
277 3109 385 3186 nostri
408 3108 496 3183 vatis
518 3109 686 3184 indicium
710 3107 773 3182 est.
829 3105 1000 3197 Prodam,
1031 3133 1123 3184 nna
1149 3113 1219 3184 rad.
1242 3137 1284 3187 na

123 3209 291 3303 'proprie
312 3211 399 3280 humi
423 3211 548 3295 traxit,
574 3206 655 3278 dein
680 3207 839 3298 diripuit,
865 3206 922 3276 cui
939 3207 1002 3277 Gr.
1021 3216 1115 3279 cradi
1131 3207 1288 3298 possesse

123 3305 358 3396 respondet,
385 3302 574 3377 secundum
597 3301 717 3390 usum,
752 3320 857 3394 quern
883 3301 918 3372 in
939 3301 1065 3393 Script.
1085 3304 1210 3392 habet,
1237 3305 1291 3374 uti

147 3402 242 3477 reste
263 3402 412 3493 Gejerus
433 3399 591 3486 notavit,
617 3398 659 3470 ad
680 3418 788 3469 omne
812 3393 897 3466 illud
914 3393 1048 3468 referre
1064 3399 1167 3486 licet,
1194 3399 1291 3489 quod

147 3497 306 3574 hostibus
334 3496 546 3592 subjugatis,
585 3491 840 3589 &prostratis,
881 3490 1050 3586 eripitur,
1085 3493 1156 3566 sure
1186 3491 1290 3586 vesto

61 3631 64 3640 .
148 3595 237 3683 smt,
271 3594 340 3668 srve
362 3617 477 3682 arma,
504 3591 574 3666 sr-ve
601 3590 796 3686 suppellex,
831 3584 1080 3688 fivesnummi,
1111 3605 1172 3664 aut
1193 3590 1289 3682 quic·

150 3694 235 3785 quid
254 3691 446 3786 pretiosum
469 3689 530 3764 est.
549 3689 744 3785 ,Spatium
772 3691 859 3774 hia,
878 3689 975 3759 sero
999 3687 1042 3758 ad
1063 3709 1290 3780 quascunque

125 3823 128 3830 ·
152 3791 232 3866 alias
255 3789 551 3882 depredationes,
578 3787 832 3882 expilationes,
856 3805 896 3856 ac
912 3785 1068 3878 rapinas,
1094 3781 1165 3856 five
1182 3781 1291 3857 sacras

133 3886 223 3962 sive
238 3886 422 3984 profanas,
448 3885 517 3962 sese
533 3885 705 4060 exoendirtl'
753 3881 949 3976 Proprietas
968 3879 1067 3958 estin
1083 3882 1295 4054 extraheuqo,

715 4001 836 4075 aaa3
1247 4001 1298 4053 eu
