3444 4778
355 469 360 476 .
427 434 489 490 in
560 412 597 488 n
646 413 682 491 A
735 415 791 494 u.
860 440 921 498 xi:
970 441 1056 522 nn.
1249 416 1326 533 m

166 607 219 684 his
241 609 356 684 verbis
377 609 490 705 tangit
511 605 707 700 Propheta,
741 606 832 682 vers.
858 611 913 682 1'8.
941 606 990 680 Et
1007 614 1125 680 iterum
1142 601 1319 697 verretfa.

166 713 245 780 ciem
267 710 308 780 od
332 707 474 803 insulas,
500 711 663 800 rapietque
685 709 828 795 neutras,
856 701 998 797 &fiflet
1015 704 1099 778 Dux
1113 707 1316 798 opproirium

163 806 233 898 ejus
258 803 338 900 ipfi,
374 819 494 900 preter
516 807 715 896 opprobrium
738 803 807 897 ejus
826 805 974 896 rependet
996 799 1066 894 ipfi.
1118 803 1208 900 Quae
1230 823 1313 876 cum

162 904 448 990 expeditionem,
474 901 575 992 cujus
596 899 769 986 memini,
795 900 899 975 initio
914 898 1144 990 prosperam,
1170 917 1245 972 tum
1262 897 1312 972 fa-

160 1001 326 1086 talem&
346 995 618 1094 ignominiosum
645 1017 719 1084 ejus
741 995 896 1082 exitum,
929 1017 1005 1068 non
1026 997 1116 1090 regis
1141 997 1308 1085 aiicujus,
1351 1013 1352 1018 ’

158 1093 221 1167 sed
243 1095 340 1168 ducis
366 1092 579 1188 oppositioni
603 1107 789 1184 acceptum
816 1091 1022 1179 serendum,
1061 1092 1188 1164 vividis
1219 1090 1309 1166 adeo

158 1193 340 1266 coloribus
363 1193 587 1286 depingunt,
630 1203 669 1262 ut
689 1186 886 1260 dissensioni
907 1189 1148 1280 interpretum
1176 1188 1236 1261 vix
1258 1188 1310 1259 io·

159 1295 263 1378 cum,
301 1291 403 1363 nobis
433 1309 557 1380 parum
585 1285 865 1374 observandum,
904 1285 1124 1378 reliquerint.
1184 1283 1305 1454 (guare

156 1389 278 1478 paucis
300 1386 445 1481 defungi
461 1401 602 1480 potere.
651 1381 790 1454 Exteris
804 1381 899 1454 hisce
922 1382 1089 1454 Antiochi
1109 1401 1199 1474 expe
1226 1382 1305 1456 itio·

157 1485 262 1556 nibus
284 1485 403 1558 iocum
427 1488 463 1556 in
484 1483 549 1556 hac
572 1480 776 1574 prophetia,
810 1502 886 1572 qtae
908 1477 979 1554 fata
995 1479 1145 1554 duorum
1160 1480 1305 1554 illorum

154 1601 371 1676 regnorum,
399 1577 574 1652 Austri&
599 1577 875 1670 septentrionis,
908 1589 1045 1652 tantum
1069 1577 1232 1655 continet
1248 1593 1309 1658 re·⁴

152 1676 223 1749 iate
246 1677 289 1750 ad
313 1680 483 1772 populum
505 1675 686 1770 Judaeum,
716 1672 819 1746 fuisse
843 1675 984 1760 datum,
1009 1689 1090 1750 ante
1106 1673 1225 1748 omnia
1240 1673 1303 1746 ob·

151 1777 285 1848 servari
303 1777 430 1860 velim.
467 1779 592 1868 panim
614 1771 709 1864 quod
727 1769 869 1862 justitiae
885 1770 1049 1859 Divina,
1074 1773 1110 1846 in
1128 1769 1301 1846 Antiochi

149 1869 284 1964 injustis
306 1872 340 1945 &
361 1872 526 1946 violentis
547 1867 780 1942 invasionibus
803 1865 1051 1960 prostituendis
1072 1867 1302 1962 conspicuae,

149 1967 372 2044 iliustrimum
387 1969 565 2063 specimen
580 1966 814 2061 praebuerint,
831 1965 925 2057 quod
939 1963 1220 2059 prudentimnus
1237 1967 1301 2040 Hi·

148 2063 297 2142 storicus
322 2069 486 2160 Polybius
516 2087 534 2126 a
559 2062 652 2136 reue
668 2061 843 2150 advertit,
870 2061 1076 2154 &expresse
1091 2063 1298 2150 adnotavit,

143 2169 272 2256 partim
291 2166 385 2255 quod
403 2167 497 2236 viam
514 2161 557 2232 ad
572 2163 840 2232 decrementum
856 2158 891 2242 δι
905 2161 1052 2234 totalem
1064 2161 1165 2256 regni
1183 2161 1294 2252 Syria·
1375 2218 1377 2232 .

145 2259 181 2330 ci
197 2262 353 2350 ruinam,
379 2283 397 2332 a
411 2257 601 2341 Romanis,
628 2255 686 2346 qui
700 2254 769 2328 sese
786 2255 849 2326 hac
865 2253 1049 2328 occasione
1063 2259 1170 2330 rebus
1181 2255 1293 2348 Syria-

144 2355 193 2429 cis
218 2357 359 2432 demum
378 2355 572 2430 immiscere
588 2367 804 2444 coeperunt,
830 2348 1049 2440 professam,
1074 2350 1303 2444 straverint,
1412 2443 1418 2454 Ι
1476 2449 1478 2456 λ

144 2456 242 2547 quod
272 2455 425 2528 eundem
454 2449 669 2526 Historicum
693 2471 708 2526 e
731 2470 805 2522 non
824 2445 933 2542 sugit,
965 2453 1089 2542 partim
1114 2449 1289 2542 denique,

141 2554 239 2645 quod
261 2553 318 2625 hic
342 2550 414 2644 ipse
436 2545 634 2622 Antiochus
655 2545 743 2618 sicut
764 2543 1032 2640 gratillimarnm
1050 2546 1289 2627 adflislionum

136 2651 263 2742 popuii
281 2647 391 2741 Judaei
414 2644 475 2721 sub
499 2641 900 2736 AntiochoEpiphanc,
922 2641 1076 2734 Judaeam
1092 2667 1204 2744 regno
1225 2649 1286 2740 Sy-

133 2745 198 2819 riae
222 2746 467 2842 adjungendo,
494 2739 713 2816 occasionem
740 2739 895 2826 dederit,
928 2761 1035 2834 quare
1060 2763 1141 2820 cum
1157 2745 1299 2818 Antio„

134 2843 205 2917 cho
221 2843 403 2937 Epiphane
423 2840 482 2915 sub
497 2844 597 2939 parui
618 2861 716 2911 cornu
733 2833 943 2914 emblemate
960 2840 1134 2928 vomunt
1149 2842 1184 2916 in
1196 2839 1299 2920 Dllt'

132 2941 176 3012 ad
193 2941 379 3014 Danielem
397 2933 682 3023 cdemonstravi3
709 2935 759 3008 ita
772 2935 906 3016 infelici
922 2937 1192 3030 expeditionum
1208 2939 1282 3016 sua-

129 3056 211 3113 rum
228 3038 345 3128 exitu,
372 3038 404 3109 δι
420 3033 482 3109 sini
498 3056 639 3129 quoque
655 3035 717 3106 suo
732 3032 827 3124 fatali
843 3083 853 3120 ,
881 3033 980 3124 cujus
997 3035 1171 3129 propheta
1182 3039 1278 3118 vers.

126 3132 298 3228 sequente
314 3136 494 3218 meminit,
520 3132 635 3204 cidem
653 3131 758 3219 sorti,
777 3153 878 3222 quarn
896 3129 1093 3223 Epiphanes
1110 3135 1277 3228 haberet,

125 3232 293 3322 praelusit.
342 3229 452 3329 Quod
468 3228 644 3321 Propheta
657 3227 694 3299 in
709 3227 925 3302 antecessum
938 3229 986 3300 ob
1002 3232 1125 3306 oculos
1138 3255 1277 3326 ponere

125 3331 258 3404 voluit.

171 3433 201 3518 t·
231 3426 374 3502 cxvii.
400 3425 654 3519 Expeditiones
678 3419 848 3498 Aniochi
872 3419 908 3494 in
929 3421 1116 3498 nisenam
1131 3405 1163 3498 d
1178 3423 1274 3500 orae-

126 3523 237 3614 ciam,
264 3550 346 3601 cum
368 3523 539 3620 prospero
557 3525 593 3597 in
608 3519 784 3620 principio
798 3517 976 3608 successu,
1005 3519 1078 3592 hac
1093 3525 1204 3617 verba
1222 3545 1290 3595 re·..

125 3625 358 3712 praesentant:
395 3621 438 3704 ἐξ
459 3627 577 3694 iterum
594 3634 699 3693 vertet
715 3613 839 3710 faciem
862 3613 1075 3710 ad'infnlns,
1110 3627 1273 3716 rapietque

128 3725 262 3796 multas.
314 3720 394 3794 Vox
416 3717 525 3792 Hebr.
548 3744 630 3806 oue,
664 3739 727 3812 per
744 3716 866 3812 insulas
887 3713 985 3786 reddi
1006 3712 1125 3804 solita,
1151 3719 1187 3792 vi
1204 3720 1272 3793 ori-

131 3819 217 3912 ginis
240 3817 325 3924 suae,
352 3813 463 3894 arad.
488 3843 529 3890 ru
550 3815 585 3890 ἀ
605 3841 646 3890 ee
656 3813 778 3910 flexu,
812 3811 942 3888 flexum
963 3811 1080 3907 littus,
1106 3815 1217 3892 &usu
1233 3819 1273 3916 in

658 3906 760 4010 Qq‘i
785 3932 825 4006 3·
1139 3936 1275 4016 genere

167 4039 227 4101 el.
248 4055 298 4100 xv.
319 4057 343 4102 c.
367 4054 415 4101 20.
440 4055 468 4117 p.
490 4041 560 4114 985.
636 4033 747 4102 libid
823 4033 935 4112 rDtst.
959 4055 990 4116 v,
1255 4057 1261 4066 ¹
