3418 4754
272 389 328 443 r»
376 363 1129 474 vnrrcrnrnunumtrs
1206 371 1324 465 3⁸7·

133 545 268 637 rande,
302 548 336 622 dr
360 571 402 623 ex
428 548 462 624 se
487 551 642 629 invicem
664 549 883 630 illustrandae.
933 547 1044 669 Quod
1064 548 1183 623 verbo
1200 568 1276 626 mo·

133 645 244 724 nuiise
268 645 464 722 suffecerit.

108 817 111 824 .
180 748 214 834 §.
230 743 389 820 XXXIV.
431 745 488 820 Ex
523 745 621 825 diiiis
652 749 696 823 de
720 749 818 847 regni
846 747 1062 822 Maccabaici
1083 745 1117 819 δι
1139 741 1278 819 Messrae
1393 783 1395 786 ·

131 863 247 931 nexu,
272 843 433 936 illiusque
455 845 491 918 in
513 844 583 920 hoc
607 849 894 941 complemento,
927 845 1016 918 sicut
1033 844 1209 919 emblema
1222 865 1278 914 ru·

29 1022 32 1032 ,
127 944 183 1036 pis
206 961 248 1014 er
272 943 379 1035 iapida
399 956 488 1015 ortae
509 941 731 1034 illustratur,
769 947 819 1018 ita
843 947 1013 1039 temporis,
1051 964 1122 1034 quo
1141 938 1278 1014 Mesiiae

132 1057 281 1134 regnum
303 1038 488 1112 conditum
504 1037 574 1127 est,
599 1044 766 1113 criterium
783 1041 908 1135 sponte
923 1038 983 1114 sua
996 1038 1066 1111 sese
1082 1035 1209 1112 offert:
1236 1056 1281 1110 ex
1319 1081 1325 1088 -

134 1155 230 1305 gun,
256 1135 396 1209 initium
416 1132 514 1209 istius
531 1157 570 1208 re
594 1136 632 1210 ni
646 1158 667 1208 e
683 1135 819 1210 Messrae
834 1137 893 1211 seu
909 1135 1055 1210 Domini
1069 1132 1181 1208 nostri
1200 1130 1282 1226 Jesu

166 1229 262 1304 hristi
284 1229 504 1324 temporibus
524 1252 544 1305 e
574 1235 866 1327 erepetendum,
890 1232 1040 1309 constat.
1077 1229 1168 1306 Cum
1183 1230 1281 1306 enim

134 1325 300 1402 finem&
324 1330 626 1422 complementum
647 1329 834 1426 imponere
857 1331 1004 1421 debeat,
1032 1330 1068 1402 vi
1082 1325 1195 1403 nostri
1209 1349 1283 1402 em·

135 1424 318 1513 hiematis,
344 1423 509 1500 Ecclesrae
533 1427 790 1520 Maccabaicae,
816 1451 965 1525 quacum
988 1425 1084 1502 ariie
1104 1425 1282 1500 cohaeret:

134 1543 215 1597 eam
232 1523 436 1618 exceperit,
462 1524 497 1600 u
516 1526 682 1620 proxime
703 1525 864 1602 secutum
884 1525 995 1601 fuerit
1009 1523 1171 1621 Regnum
1187 1521 1284 1595 Mes·

134 1619 210 1717 siae,
249 1617 388 1694 necesse
419 1618 480 1695 est.
530 1620 641 1721 Quod
663 1640 881 1721 quantopere
909 1623 952 1696 ad
971 1620 1111 1715 Judaeos
1134 1619 1283 1694 convin-

133 1716 269 1793 cendos
290 1716 418 1807 saciat,
442 1737 500 1793 me
523 1741 599 1795 non
614 1737 808 1810 monente,
834 1719 980 1814 quisque
994 1718 1108 1794 intelli
1131 1716 1171 1792 it.
1202 1717 1285 1790 Pos-

134 1813 209 1890 sem
231 1835 275 1888 ex
296 1816 368 1888 aliis
391 1809 590 1910 prophetiis
607 1817 694 1893 iliud
716 1817 827 1912 ipsum
843 1814 1080 1905 confirmare,
1105 1738 1130 1886 si
1142 1812 1282 1888 necesse

133 1911 246 1988 foret.
284 1913 352 1987 Sed
368 1912 470 2010 supra
487 1935 544 1988 eas
554 1914 628 2006 jam
642 1916 795 2010 produxi
812 1913 996 1990 maximam
1013 1929 1162 2008 partem.
1191 1912 1284 1987 Sunt

132 2026 267 2106 praeter
287 2011 387 2100 hoc,
430 2018 580 2108 temperis
604 2016 704 2110 regni
729 2013 866 2087 Mesfiae
892 2013 958 2085 alia
979 2031 1122 2104 quoque
1144 2011 1181 2083 in
1205 2007 1283 2084 visis

134 2103 265 2184 nostris
288 2109 455 2196 miseria,
487 2110 646 2184 nuncin
670 2112 788 2186 lucem
800 2107 1036 2206 proferenda,
1062 2129 1140 2203 quae
1158 2107 1283 2203 ingens

134 2205 272 2280 addunt
285 2222 519 2280 momentum.

188 2305 222 2388 §.
238 2297 386 2373 XXXV.
414 2298 596 2375 Secundum
618 2302 735 2396 itaque
756 2298 991 2378 charaiierem
1014 2299 1206 2395 temporis,
1239 2319 1286 2376 ex

135 2397 216 2473 viso
238 2393 324 2469 Filii
343 2399 481 2471 hominis
503 2411 662 2492 capum.
690 2400 910 2487 eruendum,
925 2395 1119 2570 {obstiterit
1133 2409 1286 2489 quatuor

134 2495 297 2590 imperiis
320 2492 500 2585 Orientis,
535 2497 608 2589 jam
630 2511 716 2570 tunc
735 2491 893 2585 abolitis,
940 2495 1135 2591 uppeditat.
1191 2491 1287 2582 Judi·

136 2595 237 2670 cium
254 2593 349 2666 enim
365 2591 435 2666 Dei
450 2594 486 2668 in
502 2610 656 2687 quatuor
671 2593 795 2669 bestias
806 2596 877 2688 jam
894 2608 974 2668 ante
991 2592 1060 2668 fuit
1074 2591 1287 2685 pronuncia-

136 2705 240 2781 tum,
265 2689 537 2766 &exsecutioni
559 2691 783 2779 mandatum,
809 2713 912 2786 quam
935 2689 1026 2765 Filio
1042 2689 1193 2765 hominis
1209 2709 1289 2785 reg·

136 2811 227 2866 num
249 2788 381 2862 viderit
403 2788 478 2862 dari
497 2789 636 2864 Daniel.
689 2789 789 2864 Vidit
804 2811 915 2884 porro
929 2787 1015 2866 iliud
1027 2786 1119 2861 haud
1135 2786 1194 2861 diu
1208 2782 1289 2880 post

138 2885 244 2960 fuisse
267 2884 425 2976 fanum,
458 2883 582 2980 Judice
610 2887 723 2961 adhuc
750 2906 818 2984 pro
840 2886 1004 2962 tribunali
1032 2884 1205 2973 sedente,
1244 2879 1289 2957 ad
1364 2930 1367 2940 ·

61 3037 71 3050 ,,
137 3004 250 3079 quern
271 2980 441 3081 adduiius¹
458 2983 526 3058 suit
545 2982 652 3059 Filius
667 2985 829 3060 hominis.
882 2985 1047 3060 Cohaeret
1062 2984 1179 3076 itaque
1199 2980 1290 3079 Reg-

138 3099 232 3158 num
258 3077 393 3150 Messrae
415 3099 496 3153 curn
517 3082 645 3154 ultimo
667 3104 778 3179 regno
799 3095 913 3176 quarto
935 3079 1122 3154 destruiio.
1181 3075 1290 3177 Quod

139 3197 230 3252 cutu
245 3172 548 3262 Alexandrinum,
572 3179 690 3270 primo
707 3185 859 3263 unitum,
876 3177 959 3251 dein
973 3175 1135 3272 diuisum,
1158 3174 1289 3262 fuerit,

140 3287 189 3350 ut
209 3270 405 3364 superiores
419 3269 688 3346 Dissertationes
703 3275 1003 3366 comprobarunt,
1029 3291 1200 3367 preterea
1216 3292 1291 3345 om·

140 3372 206 3449 nia
226 3391 268 3442 ea
289 3389 399 3466 regna
419 3366 680 3448 anteMessram
695 3367 855 3446 nostrum
870 3369 1082 3457 exaltatum,
1107 3368 1172 3440 alia
1189 3367 1292 3442 citius

142 3468 216 3544 alia
238 3465 389 3555 tardius,
422 3463 608 3560 exstirpata
630 3465 715 3542 sint:
756 3468 799 3540 ad
821 3466 945 3540 eadem
967 3463 1080 3539 rursus
1103 3478 1290 3556 tempora,

143 3564 391 3668 &primordia
410 3563 525 3662 Regni
549 3562 697 3640 Domini
721 3561 851 3652 nostri,
889 3563 1061 3638 ducimur.
1118 3559 1227 3661 Quod
1247 3583 1295 3639 ex
1428 3554 1430 3562 ’

110 3661 121 3672 ”
144 3664 227 3738 airis
253 3659 448 3756 prophetiis
469 3683 608 3757 quoque
631 3659 879 3752 confirmatur,
910 3682 993 3756 quas
1019 3657 1106 3738 Diis.
1132 3680 1181 3733 ιν.
1204 3661 1236 3750 §.
1257 3679 1295 3756 9.

144 3762 223 3856 jam
243 3759 411 3930 profluxi,
435 3759 526 3860 Hag.
549 3781 605 3838 11:
628 3783 685 3840 22.
711 3759 819 3842 Zach.
843 3781 905 3853 vr,
928 3781 961 3837 x:
987 3779 1045 3838 11.
1067 3755 1136 3854 Jes.
1159 3778 1209 3833 rr:
1236 3776 1295 3850 15,

149 3861 212 3936 ²6⁶
238 3857 314 3934 Mle
339 3881 401 3936 'v'
417 3879 451 3950 5·
684 3954 772 4033 Ccc
797 3977 818 4033 2
1080 3959 1113 4050 ς.
1132 3937 1296 4052 XXXVI.
