3426 4756
433 455 502 552 ,aa
602 429 1408 528 urssnnrarronts

432 658 506 720 turn
530 639 601 729 est,
636 657 675 716 ut
698 639 860 736 Regnum
885 632 976 722 Dei,
1008 630 1160 726 primum
1182 629 1275 704 inter
1299 631 1458 726 Judaeos,
1493 633 1582 724 dein

433 737 667 826 Christianos,
706 735 942 820 concletetur3
981 729 1029 804 ita
1049 730 1182 820 reliqua
1209 751 1316 826 regna
1341 729 1585 824 procedentia

433 835 548 910 eidem
570 833 670 932 rausa
692 833 725 906 δι
740 828 808 928 fini
829 832 1009 903 interitum
1031 825 1129 900 suurn
1152 846 1336 919 acceptum
1358 826 1474 900 tulisse
1498 851 1584 904 een·

433 931 572 1021 sentut,
600 946 769 1026 quantum
788 927 831 1000 ad
851 947 976 999 eorum
1001 924 1209 996 relationem
1234 924 1277 996 ad
1302 923 1493 1000 Ecclesiam
1512 926 1584 1000 Dei

432 1030 578 1104 adtinet.
637 1027 869 1122 Babylonicum
888 1023 1004 1114 itaque
1026 1017 1159 1113 pessum
1182 1019 1268 1107 ivit,
1304 1021 1383 1114 quia
1407 1023 1584 1114 populum
1704 1063 1706 1106 1

432 1121 503 1198 Dei
525 1122 703 1220 captivum
727 1123 761 1196 &
786 1120 927 1194 exulem
947 1117 1143 1205 retinebat,
1168 1113 1355 1214 Medicum,
1383 1119 1463 1212 quia
1486 1121 1583 1194 malo
1701 1169 1706 1216 ·:

433 1223 517 1296 huic
541 1243 617 1298 non
640 1221 866 1305 medebatur,
892 1215 949 1290 sed
975 1215 1101 1288 eodem
1123 1213 1160 1285 in
1182 1214 1365 1308 proposito
1379 1213 1582 1306 persevera·
1705 1297 1706 1300 a

433 1319 513 1407 bat,
539 1315 704 1411 Perfirum
726 1317 898 1409 denique,
925 1311 1040 1406 quod,
1073 1309 1230 1384 exulibus
1252 1311 1337 1383 licet
1357 1307 1582 1390 restitutis&
1705 1349 1706 1356 ι

434 1414 568 1504 Sacris,
601 1415 753 1489 libertati
774 1407 997 1505 &persesiae
1018 1405 1257 1482 instaurationi
1275 1409 1393 1502 populi
1413 1408 1485 1482 Dei
1506 1409 1581 1483 obi·

434 1533 513 1586 cem
586 1527 699 1584 neret.
749 1507 835 1608 Quo
860 1503 989 1581 ditesie
1013 1505 1179 1578 collineat
1202 1505 1375 1578 emblema
1395 1511 1578 1578 maurisca·
1705 1515 1706 1582 ζ

432 1631 506 1682 ram
553 1609 732 1680 erubbabele
749 1605 992 1700 complanavit,
1016 1601 1123 1675 Zacb.
1140 1621 1191 1674 tv:
1208 1621 1242 1694 7.
1275 1600 1369 1695 quod
1384 1599 1427 1674 ad
1444 1603 1581 1696 reliqua

432 1703 492 1776 illa
518 1725 625 1800 regna
649 1723 788 1794 quoque
815 1699 979 1794 adplicati
1007 1695 1132 1794 potest.
1194 1697 1366 1770 Praeterea
1385 1697 1421 1770 in
1441 1701 1581 1794 juditiis

434 1799 597 1886 Divinis,
624 1800 747 1894 quibus
769 1817 876 1892 regna
898 1796 1034 1884 vicina,
1059 1796 1266 1886 quibuscum
1281 1792 1444 1870 Ecclesrae
1460 1793 1579 1890 Judai'·

436 1917 487 1970 cae
510 1895 638 1986 aliquid
660 1894 728 1968 fuit
751 1892 907 1989 negotii,
934 1890 1013 1966 sunt
1027 1889 1181 1979 adflisia,
1206 1890 1376 1986 respeiiam
1397 1891 1502 1966 fuisse
1519 1915 1579 1986 po

435 1991 510 2086 puli
531 1988 623 2078 Dei,
650 1991 775 2084 partim
794 2005 835 2063 ut
849 1983 1012 2080 Maiestas
1025 1985 1192 2080 Jebovae‚
1216 1988 1377 2081 Supremi
1391 1987 1578 2079 Numinis,

435 2085 695 2173 vindicaretur,
733 2085 1051 2172 &celebraretut,
1093 2084 1240 2176 partim,
1271 2098 1310 2158 ut
1330 2083 1374 2156 de
1396 2083 1580 2160 hostilibus
1610 2095 1614 2106 '

436 2183 578 2259 illorum
592 2181 825 2258 invasionibus
839 2182 872 2255 &
887 2179 1171 2254 inseslationibus
1187 2181 1275 2255 ultio
1291 2178 1513 2272 sumeretur3
1537 2203 1579 2255 ex

436 2279 562 2355 Verbo
591 2278 805 2378 Prophetico
834 2273 1081 2363 testatiffimum
1111 2273 1172 2351 est.
1234 2275 1319 2374 Quo
1348 2278 1456 2352 etiam
1482 2277 1580 2356 sensu

397 2469 399 2472 Ι
437 2392 527 2452 terra
551 2374 652 2476 Juaae
673 2378 802 2452 dieitur
816 2375 987 2473 AEgyptr‘t's
995 2371 1120 2466 future
1134 2377 1332 2447 commotioni
1348 2372 1415 2466 Jes.
1432 2397 1507 2450 xtx:
1526 2397 1578 2470 ιγ’.

436 2473 470 2548 &
498 2473 743 2567 Hierosolyma
767 2478 876 2568 peluis
899 2467 1108 2568 quassationis
1130 2475 1273 2542 omnibus
1293 2475 1417 2567 populis
1446 2478 1579 2548 circam.

437 2569 543 2646 Zach.
566 2591 629 2646 xtt:
658 2593 691 2646 ι.
749 2571 914 2662 Denique
944 2588 1136 2664 regnorum
1166 2566 1330 2655 illorum,
1369 2567 1498 2643 ordine
1520 2569 1580 2642 srbi

436 2666 720 2753 succedentium,
745 2665 928 2760 peculiaris
953 2664 1023 2738 fuit
1046 2664 1088 2736 ad
1110 2684 1147 2735 re
1173 2683 1256 2737 nurn
1279 2662 1371 2751 Dei,
1403 2667 1441 2738 in
1458 2664 1579 2740 Meua

436 2762 669 2856 erigendum,
704 2777 868 2852 tanquam
888 2759 930 2832 ad
954 2767 1128 2833 terminum
1149 2683 1274 2847 finum,
1307 2761 1452 2851 relatio;
1492 2762 1580 2836 adeo

435 2873 477 2932 ut
498 2879 563 2949 pro
585 2856 685 2954 signis
710 2872 910 2953 temporum
932 2853 1081 2945 Mesua,
1106 2877 1201 2945 non,
1226 2853 1289 2930 nili
1303 2853 1409 2932 finitis
1425 2858 1578 2954 illisreg-

437 2953 512 3042 nis,
538 2952 749 3045 adparituti,
773 2953 895 3026 haberi
918 2952 1027 3028 soleat
1049 2951 1141 3046 apud
1165 2953 1368 3050 Prophetas.
1402 2953 1484 3029 Vid.
1509 2951 1576 3048 les.

435 3069 487 3123 xi.
512 3049 618 3123 Zach.
636 3070 677 3138 rt,
693 3070 744 3138 vr,
762 3071 794 3124 a.
822 3049 934 3146 Hagg.
949 3069 987 3124 u:
1005 3051 1120 3136 aa&
1134 3049 1225 3124 alibi.
1251 3049 1338 3125 Haec
1354 3050 1451 3126 fimul
1467 3052 1577 3144 sumo·
1703 3113 1704 3118 a

438 3163 496 3234 ta,
521 3145 555 3220 δι
577 3145 618 3218 ad
638 3148 792 3222 animum
814 3161 1002 3237 revocata,
1028 3169 1135 3244 regna
1156 3147 1213 3219 illa
1233 3149 1354 3222 omnia
1373 3170 1438 3242 per
1460 3151 1576 3252 lepidis

435 3243 620 3340 impulsum
639 3241 818 3317 ressedici
832 3243 986 3332 aboleri,
1009 3244 1045 3318 in
1059 3242 1209 3319 obscuro
1224 3265 1300 3318 non
1316 3241 1379 3320 est.
1703 3253 1704 3266 ‘

485 3345 515 3430 §.
531 3337 626 3412 XVl.
676 3344 711 3427 β.
739 3338 908 3415 Nondum
929 3353 1048 3416 tamen
1069 3362 1214 3415 omnem
1229 3339 1369 3416 elucrari
1382 3341 1499 3421 sumus
1515 3344 1575 3420 dif-

436 3433 640 3511 ficultatem.
697 3435 789 3513 Cum
810 3440 906 3512 enim
929 3435 1031 3533 Lapis
1051 3437 1295 3512 Maccabaicus
1315 3463 1415 3514 anem
1438 3457 1574 3518 tantum
1701 3465 1703 3488 ¹

435 3535 564 3628 pedum
597 3537 685 3606 latus
713 3532 925 3627 pulsaverit,
959 3534 1015 3625 ἀ,
1055 3535 1092 3608 in
1113 3540 1261 3631 regnum
1283 3537 1463 3626 Syriacum
1488 3543 1574 3616 irru-

435 3652 520 3720 ens,
546 3646 680 3725 partem
705 3631 851 3705 dominii
875 3629 986 3705 solum
1008 3629 1238 3718 destruxerit,
1268 3634 1412 3708 totalem
1436 3655 1519 3734 cum
1540 3631 1575 3708 e·

432 3728 510 3818 jus,
545 3745 619 3800 turn
652 3728 868 3820 reliquorum
896 3748 1107 3824 regnorum,
1147 3749 1192 3800 ex
1214 3728 1455 3806 Alexandrino
1477 3748 1575 3816 ortu·
1701 3749 1702 3752 ’

436 3846 543 3907 rum,
582 3824 717 3898 ruinam
749 3845 815 3914 qua
843 3823 979 3898 tatione
1000 3826 1230 3918 produxerit,
1268 3829 1464 3904 accuratius
1488 3827 1572 3902 mibi

437 3915 682 4015 explicandum
716 3917 784 3993 esse
815 3919 952 4014 sentio,
993 3922 1153 4017 nequid
1185 3920 1337 4019 scrupuli
1365 3926 1571 4120 resurgamti

1359 4049 1362 4054 '
1442 4043 1446 4050 '
1500 4043 1546 4101 UO
