3456 4784
435 421 507 518 418
606 401 1426 496 conrnnrtrnntus

486 600 519 686 §.
535 591 611 667 Xll.
637 590 717 666 Nec
739 592 891 668 comites
911 607 1083 680 tantum,
1108 612 1234 666 verunt
1256 589 1328 685 ipse
1347 591 1445 686 regni
1460 588 1596 680 haeres,

438 693 477 766 in
503 691 601 788 spem
630 688 846 765 succellionis
868 712 911 761 ex
932 689 1101 764 Berenice
1117 707 1238 778 natus,
1264 687 1423 764 crudeles
1439 685 1596 764 hostiurn
1718 749 1719 776 ,

441 811 566 867 manus
588 811 662 862 non
681 786 820 897 cffugit.
870 786 996 862 Filium
1020 787 1114 868 eninr
1131 787 1228 878 ejus,
1253 786 1368 867 adhuc
1382 785 1595 878 parvulum,
1718 839 1719 842 ,

439 890 568 960 eodem
593 903 756 980 tempore
781 907 921 977 quoque
945 885 1024 957 neci
1048 883 1166 958 datum
1193 882 1288 972 esse,
1322 883 1465 956 tradunt
1484 881 1595 958 iidem
1718 883 1719 950 J

441 981 628 1071 historici,
668 982 789 1076 seepius
808 982 905 1056 citati
929 1023 957 1063 e·
1016 979 1101 1079 Quo
1125 979 1353 1054 referendum
1376 977 1595 1068 existimem,
1718 981 1719 1014 ³

441 1081 536 1174 quod
554 1103 638 1155 mox
654 1079 836 1175 sequitur,
862 1082 967 1152 nab-nr
984 1075 1026 1160 t?
1041 1083 1097 1174 qni
1114 1093 1214 1150 rietus
1228 1080 1297 1172 ejus
1305 1075 1440 1168 suerit,
1459 1093 1500 1150 ut
1512 1073 1597 1170 Jun.
1717 1131 1719 1172 f

442 1177 618 1250 &Trern
644 1190 850 1266 verterunt,
883 1177 963 1263 vel,
995 1175 1082 1248 ficut
1104 1175 1275 1264 Piscator,
1316 1197 1388 1246 curn
1411 1187 1489 1246 nete
1513 1175 1594 1268 ejus.

444 1273 584 1370 Quibus
615 1279 767 1367 antiquae
791 1271 968 1349 versrones
990 1271 1243 1361 consentiunt,
1282 1271 1392 1346 modo
1413 1271 1595 1346 hodiernae

443 1369 587 1445 lettioni
609 1373 745 1446 medela
768 1369 971 1458 adferatur,
997 1369 1112 1442 Graeci
1132 1372 1256 1462 utique
1273 1367 1395 1452 traduc
1408 1384 1595 1442 vertentes

439 1467 537 1543 idern
559 1469 595 1542 in
618 1469 730 1544 oculis
751 1469 971 1552 habuerunt,
1006 1465 1201 1559 reuiusque
1223 1472 1242 1539 ὁ
1255 1469 1424 1552 vperino·
1433 1467 1596 1562 juventu·
1718 1545 1719 1552 ἵ

442 1569 496 1638 lus
522 1565 766 1654 reddidillent,
805 1565 857 1640 uti
888 1565 983 1638 forte
1006 1563 1196 1652 fecerunt3
1214 1563 1457 1659 ··s1cut·Vuig.
1494 1564 1597 1640 adole·

431 1659 561 1756 scentes
584 1685 651 1756 pro
674 1659 864 1758 adolescens.
913 1659 1302 1760 Quorumauiloritate
1316 1658 1387 1733 sese
1401 1659 1506 1734 facile
1521 1675 1598 1734 tue·

443 1777 502 1834 tut
521 1759 572 1833 lll.
595 1761 762 1850 Grotius,
788 1760 877 1852 qui,
900 1759 1009 1834 unico
1024 1774 1161 1833 mutato
1176 1757 1329 1852 pundo,
1355 1772 1395 1831 ut
1412 1757 1506 1832 bunc
1521 1757 1596 1830 sen·

442 1855 520 1929 sunt
536 1855 732 1950 exsculpat,
765 1854 953 1951 legendum
975 1854 1093 1930 censet
1117 1837 1212 1928 iiiii
1234 1879 1299 1950 pro
1322 1843 1428 1930 tanin,
1485 1852 1594 1954 Quod

446 1952 569 2044 utique
588 1952 820 2046 praetulerim,
845 1951 1030 2043 strecepta
1044 1951 1225 2047 punitatio
1239 1949 1357 2044 insilii
1370 1951 1430 2025 seu
1444 1951 1594 2122 παιῐίίἕὲ

444 2046 628 2124 nificatunr
653 2072 727 2123 non
751 2049 918 2142 quadret,
950 2050 1098 2124 eliorum
1123 2049 1532 2148 contortaeadnrodutn,

445 2147 588 2224 veritati
620 2147 793 2221 lristoricae
821 2149 937 2222 minus
968 2144 1240 2236 consentaneae,
1279 2146 1591 2240 interpretationi,

444 2266 521 2338 quae
543 2249 721 2340 genitorem
741 2247 811 2340 ejus
834 2246 951 2319 habet.
1002 2245 1131 2318 Parens
1155 2247 1251 2319 enirn
1265 2245 1510 2339 Philadelphus
1527 2265 1593 2337 qua

443 2343 582 2416 ratione
605 2365 685 2418 curn
709 2342 880 2417 Berenice
901 2342 1037 2415 dicatur
1059 2343 1200 2414 traditus
1224 2343 1258 2416 in
1279 2363 1399 2416 manus
1418 2341 1594 2419 truculen·

445 2456 568 2516 torum
589 2439 763 2527 hostiurn,
795 2442 890 2514 nulla
911 2444 966 2514 via
988 2437 1194 2532 expeditur,
1219 2440 1333 2514 minus
1356 2441 1483 2530 etiarn,
1514 2460 1593 2516 cum

439 2537 512 2630 jam
536 2551 618 2610 ante
642 2535 888 2631 exspiraverit,
920 2537 1111 2610 Ptolemaeo
1134 2535 1312 2634 Euergete
1328 2537 1376 2609 'ad
1392 2539 1533 2612 clavum
1547 2537 1593 2611 se·

435 2634 565 2710 dente.
630 2634 688 2706 Ad
718 2635 934 2726 vilipendium
967 2631 1073 2707 Patris
1103 2635 1189 2707 illud
1212 2635 1386 2720 retulillc,
1420 2653 1590 2728 quatenus

444 2732 513 2826 ejus
529 2731 623 2802 nulla
630 2728 706 2818 fuit
721 2733 831 2804 talita
846 2736 954 2818 ratio,
969 2737 1134 2826 quominus
1143 2728 1222 2824 fllia
1238 2734 1484 2822 trucidaretur,
1500 2729 1592 2825 quod

372 2907 374 2912 ,
443 2827 622 2900 nonnullis
645 2826 795 2913 excidit,
821 2828 937 2900 minus
953 2848 1034 2902 curn
1049 2828 1176 2922 Script.
1194 2827 1399 2908 austeritate
1415 2827 1590 2914 consistit,

445 2943 549 3013 quarn
573 2923 609 2995 in
632 2923 737 2995 unico
757 2921 890 3017 puntlo
910 2926 1024 2996 vocali
1040 2926 1170 3002 vitium
1188 2926 1381 3020 irreplille,
1406 2927 1537 3002 incuria
1552 2923 1591 2998 li·
1617 2983 1622 2992 .
1716 2971 1717 3012 ,

444 3021 569 3107 brasii,
595 3017 759 3094 statuere.
786 3019 839 3094 Cl.
861 3018 1034 3114 Cocceius
1058 3027 1189 3115 uertit,
1215 3023 1417 3122 &genitrix
1433 3029 1523 3121 ejus,
1545 3025 1595 3098 in·

444 3117 641 3214 telligitque
665 3117 708 3189 de
732 3135 843 3194 matre
861 3121 1009 3207 hrecln'l,
1035 3126 1096 3197 leu
1111 3123 1323 3212 liberorum,
1349 3145 1425 3220 quae
1442 3117 1593 3217 ipfillima

442 3213 542 3289 foret
563 3215 745 3291 Berenice.
796 3216 905 3316 Quod
937 3241 968 3294 a.
987 3217 1023 3294 in
1039 3219 1190 3296 formant
1206 3224 1347 3297 mascul.
1366 3222 1464 3298 vocis
1481 3227 1594 3308 niba,

444 3315 497 3387 uti
516 3311 609 3388 redte
625 3313 744 3408 GeJ‘er.
764 3317 985 3406 observavit,
1012 3318 1172 3395 incurrit.
1221 3321 1251 3390 lr.
1274 3318 1361 3394 falso
1375 3319 1502 3394 nititur
1518 3323 1592 3394 fun·
1715 3359 1716 3368 .

444 3413 638 3501 dament0,
672 3435 737 3507 per
767 3418 932 3488 brachium
967 3417 1115 3514 intelligi
1141 3419 1273 3501 liberor,
1313 3417 1409 3490 &ad
1431 3421 1594 3490 bruchium
1715 3467 1716 3474 κ

443 3513 624 3605 pertinere
648 3517 828 3586 relativum
843 3514 922 3609 ejus.
974 3538 1001 3589 c.
1024 3519 1115 3589 Cum
1131 3513 1430 3608 precedentibus,
1456 3516 1519 3589 ubi
1533 3536 1595 3587 me·
1714 3563 1715 3594 ,

443 3623 495 3682 ter
518 3611 689 3685 Berenice
714 3614 785 3704 jarn
814 3609 970 3705 exprclle
993 3628 1070 3687 erat
1089 3627 1302 3694 memorata,
1334 3613 1514 3688 conciliari
1538 3631 1596 3686 ne·
1714 3623 1715 3664 ἐ

413 3767 421 3782 ,ι
444 3709 542 3800 quit,
573 3707 644 3796 line
667 3712 788 3808 inepta
807 3708 1033 3804 repetitione.
1091 3709 1187 3810 Ergo
1208 3711 1265 3782 vel
1288 3701 1382 3782 ilii-³-
1406 3725 1508 3784 natus
1529 3711 1595 3804 ejus
1714 3689 1715 3764 l

1509 3809 1595 3905 lega·
1712 3815 1715 3906 J

442 3953 596 4087 dmm·
625 3955 687 4031 Syr,
719 3973 747 4032 p.
778 3969 846 4014 211.
875 3955 1025 4036 Polyaenus
1053 3955 1072 4018 l.
1103 3975 1126 4017 c.
1156 3955 1226 4034 Just.
1247 3973 1354 4016 xxtrr.
1378 3973 1401 4017 c.
1427 3973 1451 4016 1.
1474 3957 1595 4017 Hieron.
