3462 4792
428 433 495 528 312
589 387 1409 512 ntssnnrnrronns

434 571 610 658 adtributa
624 575 731 664 sunt,
755 595 832 667 que
854 571 913 658 hic
934 573 972 647 in
985 551 1127 654 censum
1142 537 1312 661 veniunt,
1340 575 1579 674 quodesigud

406 673 408 678 ’
434 679 475 770 sit
496 676 618 761 molis,
643 671 799 764 respetlu
812 667 970 757 Coroni,
994 669 1203 750 &duritiem
1222 693 1263 744 ac
1279 675 1349 742 vim
1365 675 1578 766 retundendi

436 775 660 848 invincibilem
678 766 878 860 possideat,
891 764 1112 853 Maccabeos,
1132 787 1178 838 eo
1197 768 1342 840 nomine
1356 771 1488 844 nemini
1502 793 1579 846 non
1611 831 1613 836 ,

438 867 648 952 notiffimos,
687 863 914 956 representat
939 878 1019 954 apte
1040 863 1074 934 dt
1095 860 1228 950 usitate.
1292 861 1452 940 Fuerunt
1478 867 1578 944 enim

438 969 567 1060 exiguo
585 961 743 1056 quidem·
758 979 930 1046 numero,
951 972 1079 1052 parvus
1103 981 1204 1053 grex,
1229 947 1328 1032 fimul
1350 979 1579 1056 contemptus

437 1063 470 1134 dt
495 1045 655 1134 informis
679 1062 800 1128 vermis
822 1052 940 1152 Jacobs
954 1052 1019 1146 Jes
1039 1074 1106 1126 xer:
1128 1074 1183 1144 14,
1200 1076 1281 1152 cum
1296 1061 1464 1147 Syrorum
1478 1079 1579 1132 exer·

438 1160 514 1232 citu
537 1153 675 1242 hostili,
710 1152 852 1243 aliisque
875 1151 991 1246 regnis
1017 1149 1161 1236 vicinis,
1201 1155 1463 1244 comparatione
1485 1153 1579 1228 insti·

439 1269 539 1330 tuta:
578 1265 733 1340 attamen
753 1248 950 1322 incredibili
971 1247 1104 1320 virtute
1125 1247 1280 1338 praediti,
1307 1248 1386 1323 dtui
1408 1251 1441 1322 o
1464 1251 1580 1349 frangi

440 1350 576 1437 nescii,
616 1369 679 1442 per
712 1348 829 1420 omnia
860 1359 1148 1440 perrumpentes,
1186 1344 1378 1435 &quaevis
1399 1345 1582 1424 fortiffima

441 1449 742 1520 comminuentes:
777 1440 872 1535 quod
892 1462 935 1512 ex
957 1439 1098 1512 historia
1120 1436 1367 1516 testatiffimum
1388 1441 1451 1517 est.
1500 1444 1581 1518 Nec

442 1537 622 1616 insolitum
646 1539 697 1611 est
720 1539 1000 1612 Maccabaeorurn
1023 1535 1196 1609 emblema
1218 1539 1253 1609 in
1269 1540 1381 1610 verbo
1399 1539 1580 1634 Propheti·
1661 1531 1665 1544 ’

442 1661 510 1728 (ος
535 1636 630 1730 quod
649 1633 832 1728 hypothesi
854 1636 963 1708 robur
983 1631 1089 1706 addit.
1145 1633 1201 1706 Sic
1221 1629 1326 1705 Zach.
1349 1656 1413 1708 xrn
1437 1659 1472 1728 3.
1519 1636 1584 1710 ills

442 1751 607 1830 tempure,
639 1730 910 1828 (Maccabaico)
933 1744 1051 1831 ponunt
1073 1725 1330 1824 Hierofhlymam
1351 1734 1489 1826 lapidem
1503 1747 1583 1828 pon·

443 1828 588 1925 derosum
611 1831 753 1901 omnibus
772 1831 921 1922 populis,
948 1847 1072 1912 omnes,
1096 1823 1195 1920 quise
1210 1849 1243 1898 eu
1258 1842 1413 1916 onerant,
1438 1832 1581 1901 lateran.

443 1931 482 2000 du
496 1928 756 2015 lacerabuntur,
791 1924 940 2021 Egregie
963 1919 1030 2014 Jes.
1047 1942 1116 1994 xus:
1138 1926 1263 2009 14,16.
1289 1947 1328 1996 ne
1342 1937 1483 2010 ntetuas,
1508 1948 1583 1998 oer-

444 2030 509 2098 mis
524 2019 661 2120 Jacobi,
683 2025 804 2118 popelle
826 2019 950 2114 lsrael!
984 2016 1090 2112 (ecce
1115 2016 1264 2109 lapidem
1287 2021 1450 2117 exiguum
1473 2019 1507 2092 dt
1528 2019 1585 2092 vi·

441 2123 566 2217 ieml)
703 2140 769 2190 ecce
787 2130 868 2211 pono
896 2113 941 2186 Te
964 2117 1119 2186 tribulam
1137 2119 1356 2188 acuminatam
1374 2139 1508 2206 nouam,
1534 2121 1588 2191 in·

447 2217 599 2309 llrsrllam
620 2216 767 2289 dentibtu
788 2218 917 2300 ututur
943 2213 1115 2283 triturabis
1137 2224 1256 2282 montes
1271 2211 1304 2283 u
1319 2220 1528 2302 comminues,
1553 2211 1592 2290 δε

447 2319 540 2390 colles
563 2309 675 2407 efficies
700 2324 852 2406 tanquam
865 2313 1019 2405 glumam.
1074 2303 1336 2398 Ventilnbisms,
1360 2309 1525 2382 &uentus
1540 2333 1593 2386 eos

448 2409 578 2502 auferet
602 2409 668 2484 dte.
726 2407 863 2482 Locum
889 2406 1063 2501 integrum
1087 2400 1265 2495 descripsi,
1291 2406 1391 2496 quia,
1415 2407 1485 2479 alio
1504 2407 1596 2484 licet

449 2507 513 2586 iub
534 2510 766 2592 emblemate,
798 2502 947 2578 eandem
969 2523 1043 2574 rem
1068 2499 1268 2574 luculenter
1291 2503 1454 2592 exbibet,
1479 2504 1596 2578 &no-

452 2605 554 2686 stram
584 2601 794 2693 hppotbefin
822 2600 958 2683 firmat,
995 2617 1077 2670 cum
1107 2596 1149 2668 ad
1179 2593 1369 2686 Ecclesiam
1396 2599 1597 2692 hlaecabai·

452 2721 552 2784 cam,
578 2697 611 2773 de
634 2717 707 2768 non
731 2693 991 2784 Apostolicam,
1013 2692 1109 2784 quod
1132 2689 1185 2768 Cl.
1207 2691 1476 2768 commentator
1491 2697 1598 2787 vult,

452 2793 601 2866 omnino
622 2790 806 2883 pertineat.
856 2789 914 2862 De
933 2809 1006 2879 quo
1026 2787 1083 2860 hic
1104 2789 1204 2863 locus
1225 2810 1297 2862 non
1320 2784 1369 2862 est
1386 2790 1600 2884 disputandi.

452 2887 621 2976 Ejusdem
639 2885 808 2976 temporis
829 2881 879 2956 est
897 2883 1082 2978 prophetia
1106 2883 1217 2956 Mich.
1239 2905 1290 2959 rv:
1317 2907 1370 2979 13.
1385 2885 1509 2983 surge,
1533 2895 1601 2980 tri.
1663 2953 1673 2970 ,

452 2999 550 3070 tura,
569 2979 647 3074 filia
677 2979 801 3073 Tfionl,
815 2986 893 3074 quia
913 3003 1010 3052 cornu
1033 2994 1126 3054 tuum
1143 2997 1260 3076 ponam
1272 2979 1443 3076 ferreum,
1469 2985 1512 3072 δ’
1533 3009 1600 3062 un·

453 3083 550 3177 gulas
566 3095 640 3150 tuns
654 3098 779 3164 eneas,
805 3077 1043 3152 &comminues
1055 3081 1188 3174 populos
1202 3081 1331 3156 multer.

504 3181 536 3265 §.
552 3175 596 3249 X.
645 3196 679 3249 t.
710 3173 822 3270 Origo
852 3175 953 3268 plane
987 3172 1193 3270 singularis,
1225 3174 1598 3272 muniminum,

452 3272 664 3348 adtribuitur
685 3269 837 3365 Lepidi,
876 3294 957 3347 cum
978 3269 1249 3364 excisusdicitur
1262 3269 1333 3365 fine
1353 3281 1519 3366 manibus,
1556 3278 1601 3352 id

454 3369 506 3444 cst
528 3392 601 3445 non
624 3369 779 3456 humano
801 3367 969 3457 artifici0,
994 3367 1055 3441 sed
1074 3367 1192 3443 divina
1216 3389 1305 3462 ope:
1331 3394 1435 3466 quem
1457 3371 1599 3451 sensum

454 3468 602 3563 phrasis,
621 3464 694 3556 fine
716 3469 889 3554 manibus,
914 3483 954 3540 ut
976 3485 1082 3541 voces
1099 3464 1282 3540 vertenda
1303 3465 1402 3560 sunt,
1427 3471 1521 3566 quod
1536 3467 1595 3548 Cl.
1714 3539 1715 3542 ,

349 3587 359 3604 ’
457 3565 499 3635 de
517 3563 611 3638 Dieu
622 3566 691 3654 jam
708 3561 934 3651 observavit,
959 3559 1088 3636 fundit.
1115 3561 1186 3635 uid.
1217 3559 1332 3638 ocor.
1350 3589 1383 3642 v:
1400 3591 1430 3642 r.
1453 3567 1529 3642 Col.
1550 3587 1596 3642 11:
1713 3545 1715 3610 Ψ

458 3679 514 3731 11.
540 3661 630 3734 Heb.
658 3681 709 3734 ts:
738 3680 790 3734 11.
817 3659 969 3738 colim:
989 3679 1040 3730 10.
1094 3657 1180 3734 Non
1195 3657 1333 3734 additur
1347 3665 1509 3757 quidem,
1533 3685 1600 3738 un·

456 3755 493 3824 de
515 3755 644 3830 excisus
668 3757 710 3830 sir
736 3756 839 3848 lapis3
865 3755 944 3848 quia
965 3777 1019 3830 res
1043 3754 1114 3848 ipsa
1137 3756 1179 3830 ed
1200 3777 1344 3850 rupem,
1384 3760 1441 3834 vel
1462 3759 1600 3838 molem

457 3849 648 3942 lapideam,
680 3852 1035 3944 letiorem-ducebat.
1091 3853 1180 3942 Sed,
1212 3873 1258 3930 ne
1282 3855 1410 3948 aliquid
1418 3855 1540 4049 lperpessis
1533 3853 1611 4046 esp:
