3440 4774
445 281 520 433 aa
617 315 1440 428 conueniant-us

442 517 492 590 in
513 513 622 590 Libro
645 513 878 601 Psalmorurn,
906 513 955 586 uti
974 507 1078 582 Dolii
1092 547 1110 584 a
1127 508 1257 582 dudum
1272 505 1519 582 observarunt.
1546 502 1606 580 De

453 634 524 704 quo
547 615 625 685 alias
644 615 679 684 in
704 615 927 682 commentaria
943 609 986 680 ad
1005 605 1162 699 Psalmar.
1688 685 1690 698 Ι

502 714 533 797 §.
558 709 730 781 CtJXVll.
760 709 866 782 Addit
892 705 1099 797 prophetia,
1127 723 1260 778 utcum
1281 707 1509 799 intelligentia
1522 705 1605 776 mui-

453 819 559 876 aaran
586 806 794 896 specimina,
834 827 909 878 tum
932 805 1076 888 madiam,
1110 824 1181 894 quo
1210 805 1464 894 praevalerent,
1490 801 1601 874 trade-

451 919 529 989 ret,
558 903 600 986 (5⁹
617 920 763 974 corruent
780 905 888 997 gladia
904 898 947 982 δ’
955 897 1117 992 flamna,
1134 903 1331 992 captivitate
1345 897 1387 980 ἐξ
1393 896 1598 992 spoliatione.

364 1035 375 1044 ·
453 996 542 1096 Quae
569 1021 633 1084 eo,
673 1022 744 1090 quo
768 999 858 1086 dixi,
900 996 1084 1071 manifeste
1113 997 1335 1082 collineant,
1369 997 1528 1090 adeoque
1555 997 1596 1069 de

449 1101 584 1180 maltis,
611 1119 705 1170 nunc
726 1094 817 1167 reile
834 1092 1023 1178 instruiiis‚
1040 1092 1209 1184 capienda
1223 1095 1257 1165 in
1276 1093 1393 1185 primis
1410 1093 1595 1182 videntur,

450 1214 533 1266 curn
560 1195 655 1286 quod
679 1195 837 1286 proxime
862 1215 985 1266 eorum
1012 1189 1221 1282 praecellerit
1235 1191 1392 1277 mentio,
1420 1205 1494 1264 turn
1512 1211 1595 1282 prae·

449 1292 577 1381 cipue,
605 1292 698 1384 quod
724 1291 810 1364 vers.
836 1311 889 1384 35.
918 1291 961 1361 de
980 1290 1152 1360 dodariins
1169 1288 1313 1362 ruituris
1327 1304 1459 1382 agatur.
1510 1285 1595 1359 Ver·
1638 1297 1640 1302 “

448 1388 494 1460 ba
519 1411 640 1478 parum
665 1409 723 1462 aut
748 1389 829 1461 nihil
852 1389 981 1460 habent
996 1383 1218 1459 difficultatis.
1269 1385 1326 1456 De
1342 1387 1454 1456 verbo
1471 1390 1531 1458 iris
1546 1383 1594 1457 su-

448 1505 512 1576 pra
536 1494 553 1548 i
574 1489 715 1572 monui,
743 1507 819 1578 quae
844 1485 1028 1560 necessaria
1050 1501 1160 1558 erant.
1210 1482 1367 1574 Reliquae
1388 1503 1496 1554 voces
1510 1485 1594 1552 mala

450 1602 657 1675 exponunt,
693 1585 729 1656 in
756 1606 832 1676 quae
853 1581 1101 1670 offenderent,
1140 1578 1333 1673 &impasti
1357 1580 1531 1652 haererent
1553 1601 1592 1652 ae

449 1697 613 1754 ruerent:
641 1704 717 1774 quae
731 1681 766 1752 in
780 1682 839 1750 dae
858 1681 1066 1752 dividuntur
1081 1700 1233 1776 genera,
1258 1695 1299 1751 ur
1313 1699 1360 1748 ex
1375 1677 1495 1750 littera
1509 1698 1591 1750 con·

443 1775 599 1866 juniliva
615 1805 624 1848 r
641 1775 706 1861 ἐξ,
733 1777 848 1848 addita
866 1779 922 1848 vel
937 1775 1078 1864 omilla,
1104 1791 1221 1869 patet,
1243 1775 1327 1860 alia,
1345 1795 1422 1867 quae
1437 1791 1588 1863 martem,

444 1869 514 1964 ¹alia
535 1893 612 1962 quae
630 1872 854 1946 incommoda
869 1877 998 1967 quaevis
1013 1873 1228 1970 gradihus,
1256 1871 1454 1959 salvavita,
1478 1869 1590 1944 adfer·

446 1983 541 2042 rent.
606 1966 736 2042 Peioris
759 1971 894 2065 generis
917 1969 995 2044 sunt
1020 1972 1151 2066 gladius
1178 1973 1212 2046 &
1227 1966 1384 2062 flamma,
1408 1965 1590 2062 posterioris
1688 2051 1690 2080 4

446 2087 534 2137 vero
550 2073 730 2160 captivitas
745 2067 778 2140 dc
788 2066 936 2162 spoliaria
953 2071 1141 2142 bonorum.
1168 2067 1294 2141 Sensus
1308 2085 1394 2163 ergo
1409 2064 1480 2152 est,
1504 2067 1587 2140 alios

444 2162 514 2234 elle
539 2164 695 2238 violenta
718 2182 834 2240 rnorte
858 2165 1088 2252 adliciendos,
1115 2164 1189 2238 sive
1205 2167 1312 2261 gladia
1327 2181 1397 2242 ,aut
1416 2166 1529 2251 bello,
1554 2164 1591 2239 fi·

446 2282 491 2332 ve
509 2257 667 2353 flamma,
700 2263 879 2358 quibusvis
903 2265 1142 2350 cruciatibus,
1176 2263 1338 2336 &etiam
1361 2261 1588 2352 cambulliaae,

441 2359 528 2432 alios
557 2359 625 2432 ess'e
659 2362 785 2453 partim
814 2365 1020 2451 vendendas,
1059 2361 1130 2434 five
1160 2364 1320 2453 captivos
1342 2361 1588 2451 abducendos,

443 2457 571 2550 partim
588 2460 690 2532 bonis
705 2459 736 2530 δι
754 2459 1010 2532 hereditatibus
1027 2457 1236 2553 spoliandos.
1288 2457 1533 2551 Hierosolyma
1546 2459 1588 2532 ab

438 2554 624 2628 Antiocho
650 2556 707 2628 vel
733 2556 928 2648 Apollonio
951 2571 1145 2649 occupata,
1179 2569 1279 2627 totam
1304 2552 1349 2646 esi
1371 2557 1589 2650 depredatus,

439 2653 521 2722 aiios
543 2655 666 2743 qnidam
691 2659 841 2740 necavit,
868 2653 981 2744 inquit
998 2652 1170 2744 josephus
1185 2672 1221 2738 0,
1248 2657 1328 2724 alias
1344 2677 1419 2724 vero
1434 2677 1500 2724 una
1515 2677 1589 2726 cum

440 2750 629 2816 mulieribus
653 2746 696 2827 ὃ
723 2751 832 2818 liberis
853 2755 888 2818 in
905 2755 1132 2840 captiuitatem
1147 2754 1276 2846 abegit,
1302 2753 1375 2822 adea
1389 2765 1426 2820 ut
1441 2758 1590 2844 captiua·
1689 2757 1690 2760 ’

438 2863 512 2911 ram
538 2863 689 2912 numeras
713 2848 842 2913 circiter
863 2845 965 2916 decem
981 2850 1087 2917 millia
1106 2843 1190 2939 effer.
1242 2845 1394 2930 Deinde,
1419 2849 1587 2918 abomina-

437 2939 499 3007 in'li
521 2934 671 3028 vastante
691 2938 912 3028 introduilo,
940 2941 1172 3036 eminentiffirai
1194 2945 1323 3037 quique
1350 2942 1512 3026 &anima
1534 2968 1589 3041 ge·

438 3031 542 3122 nerafi
553 3089 562 3098 .
596 3035 645 3108 ita
674 3037 809 3133 pergit,
849 3039 906 3130 qui
927 3048 1050 3132 patrias
1074 3047 1162 3113 ritas
1187 3049 1306 3136 potiori
1327 3046 1588 3133 caralitanam,

438 3153 533 3226 qnam
561 3138 679 3205 meran
702 3149 807 3228 paena
832 3133 939 3230 (ecce
964 3143 1184 3234 intelligentes
1206 3139 1238 3211 ἂ
1251 3142 1445 3230 prudentes!
1461 3140 1481 3237 )
1494 3156 1588 3236 prap-

436 3242 523 3301 terca
545 3234 683 3325 qraalidie
712 3239 848 3318 uexati,
875 3234 1072 3328 grauiffimir
1096 3240 1294 3308 cruciatibus
1316 3243 1464 3310 toleratis
1477 3245 1587 3310 marie·

435 3328 581 3400 bantur:
607 3353 683 3401 nam
706 3328 748 3412 ἔθ’
763 3329 911 3427 ‘flagellis
925 3331 993 3424 ceefi
1003 3384 1014 3418 ,
1041 3332 1085 3415 ὃ
1099 3348 1223 3424 corpere
1236 3339 1386 3410 irrutilati
1402 3383 1414 3424 ,
1440 3341 1516 3409 uiui
1533 3335 1588 3408 ad·

433 3427 494 3497 hac
517 3423 560 3508 &⁹
570 3424 737 3520 sacrantes
753 3436 950 3518 drecaueino
969 3435 1116 3502 crucibus
1126 3427 1370 3526 sufficiantur.
1426 3431 1587 3508 Mulieres

433 3545 510 3596 uera
539 3521 632 3597 amnt
654 3524 696 3606 ὃ
717 3541 848 3613 teneras,
887 3551 962 3622 qaas
983 3530 1271 3617 circumcidebant,
1305 3538 1459 3627 ἀπῆγχον
1475 3531 1586 3627 stran-

429 3623 589 3716 gulabant
600 3619 691 3718 jaffe
705 3629 806 3719 regis.
832 3623 971 3700 confer
987 3625 1103 3700 Mace:
1122 3647 1153 3699 1:
1169 3629 1228 3702 62.
1278 3625 1369 3706 Cum
1385 3651 1477 3707 vero
1496 3633 1584 3705 Mat·

1460 3729 1586 3806 tathiar

469 3863 647 3940 aAltingius
669 3868 744 3928 Diss.
772 3869 878 3928 Philol.
904 3887 928 3928 r.
951 3867 985 3928 de
1009 3869 1099 3948 Ling.
1123 3870 1211 3930 Heir.
1233 3869 1365 3952 conflant

464 3939 573 4003 iveri.
598 3959 643 4017 14,
669 3961 715 4017 19.
822 3948 927 4014 chnt.
950 3947 969 4013 1.
990 3965 1056 4011 xtt.
1080 3967 1105 4014 c·
1128 3965 1154 4025 5·
1176 3950 1193 4027 l
1214 3969 1241 4028 4.
