3462 4770
323 439 387 520 aa,
430 391 793 537 varr'crnra·
840 417 1182 502 nanturra·
1221 381 1330 524 'ut

177 623 263 686 runt
286 609 318 684 &
342 628 570 702 tenuerunt,
604 591 680 686 no'n
701 633 746 688 eo
768 615 877 708 scopo
900 613 1081 710 explicui,
1105 632 1158 692 ut
1182 615 1267 712 quid
1292 617 1330 690 in

172 710 313 808 lingulis
343 711 524 803 displiceat
549 707 800 800 ostenderem3
834 712 930 806 quod
948 714 1061 812 nimis
1085 713 1267 790 tadiosum
1294 714 1330 787 dc

171 809 236 882 lon
263 832 322 884 um
345 807 443 882 foret
461 831 475 880 :.
505 807 564 882 sed
591 826 631 883 ut
653 830 699 882 ex
725 807 797 906 ipsa
825 810 881 881 illa
903 810 1104 886 diversitate
1126 813 1213 886 nihil
1236 812 1328 886 certi

171 906 208 978 dt
230 831 366 979 ffefiniti
389 905 545 1000 proferri
569 905 667 1000 polle
695 905 882 983 elucescat.
941 907 1147 984 Viciliitudo
1172 907 1325 983 Romani

170 1001 311 1096 imperii
335 1001 414 1098 post
436 1004 504 1079 sec.
527 1027 560 1080 v.
588 1020 684 1079 tanta
706 1021 847 1098 tamque
871 1005 967 1077 varia
986 1006 1077 1095 fuit,
1103 1027 1211 1104 regna
1225 1009 1261 1079 in
1275 1026 1322 1079 eo

171 1111 255 1172 orta
274 1102 383 1173 modo
404 1101 503 1192 plura
523 1103 633 1174 modo
654 1104 823 1194 pauciora
843 1101 1015 1190 fuerunt,
1039 1124 1108 1175 nec
1123 1107 1221 1176 omni
1236 1120 1325 1176 tern-

169 1215 265 1286 pore
288 1197 439 1285 eadem,
464 1212 505 1270 ut
519 1198 563 1269 ad
578 1197 760 1270 denarium
785 1219 975 1270 numerum
995 1199 1093 1271 nulla
1115 1199 1252 1272 ratione
1270 1219 1326 1269 re.

166 1291 247 1387 digi
273 1289 307 1362 se
329 1293 516 1384 patiantur.
573 1291 654 1364 Nec
678 1309 797 1365 tamen
819 1315 839 1364 a
862 1290 1010 1366 delinito
1038 1315 1192 1389 nurnero
1218 1296 1325 1366 dilce·

165 1387 262 1460 dere
287 1387 339 1460 fas
363 1385 433 1478 est,
461 1406 537 1464 tum
560 1388 656 1481 quod
677 1391 713 1462 in
741 1405 895 1484 utroque
919 1387 994 1464 viso
1016 1407 1208 1479 occurrat,
1233 1391 1265 1463 u
1287 1393 1323 1466 in

167 1505 227 1560 10.
258 1486 395 1582 digitis,
428 1487 519 1561 &in
546 1509 600 1562 ro.
626 1487 815 1573 cornibus,
849 1503 924 1560 tum
947 1487 1042 1578 quod
1068 1493 1138 1559 tria
1158 1511 1322 1580 cornua,

163 1586 209 1656 ab
233 1604 308 1656 uno
332 1583 560 1671 eradicanda,
593 1579 724 1676 definio
748 1583 993 1657 exhibeantur.
1049 1583 1214 1658 Offendit
1234 1607 1320 1678 prae·

164 1695 266 1753 terea
287 1679 322 1752 in
345 1681 510 1754 omnibus
531 1679 598 1752 illis
620 1701 812 1776 regnorum
839 1679 1031 1778 catalogis,
1062 1681 1160 1775 quod
1184 1681 1319 1775 Christi·
1435 1759 1436 1764 ,

163 1799 231 1850 auu
254 1799 362 1873 regna
383 1780 477 1852 inter
496 1775 791 1851 truculentillimae
810 1775 898 1851 ferae
912 1799 1046 1851 cornua
1061 1796 1314 1874 compareant,

162 1897 418 1972 cumregnum
442 1872 596 1964 Christi,
621 1887 788 1966 tanquam
807 1872 995 1948 Sannorum
1019 1897 1190 1974 regnum,
1217 1877 1320 1952 dale:

151 1970 230 2066 flia
253 1995 401 2069 regnum
425 1971 481 2044 hic
503 1971 564 2044 fibi
585 1987 828 2064 opponantur.
848 2006 850 2012 ·
879 1972 1009 2046 Omnia
1033 1997 1163 2071 regna,
1190 1974 1234 2048 ad
1259 1977 1312 2049 ul-

159 2072 248 2146 tima
278 2087 441 2162 tempora
469 2089 610 2162 usque,
643 2089 709 2160 pro
732 2068 884 2142 terribili
904 2065 1014 2142 bestia
1036 2072 1190 2160 habere,
1223 2072 1311 2168 mihi

95 2213 97 2216 -
156 2165 375 2243 duriffimum
396 2165 429 2237 dt
451 2166 494 2237 ab
516 2165 614 2237 omni
635 2166 773 2236 ratione
798 2164 951 2240 alienum
979 2165 1144 2254 videtur3
1178 2170 1311 2244 multis·

155 2285 229 2356 que
256 2260 467 2334 odiosrllimis
489 2258 786 2352 consequentibus
808 2262 1016 2334 obnoxium.
1066 2261 1207 2334 Deinde
1232 2285 1311 2336 cor·

156 2381 211 2436 nu
227 2379 387 2451 parvum
408 2378 477 2430 nec
500 2355 542 2430 ad
565 2355 693 2447 Papus,
719 2376 786 2428 nec
811 2355 855 2427 ad
875 2354 1010 2426 Turcas
1031 2354 1103 2428 sese
1127 2358 1311 2432 transferri
1407 2393 1432 2427 r

155 2455 316 2552 patitur,
342 2475 424 2528 cum
446 2470 564 2542 tamen
585 2452 796 2525 alterutrum
811 2449 947 2524 admitti
961 2449 1109 2540 debeat,
1138 2450 1309 2530 &soleat

154 2553 216 2630 nd
242 2548 421 2642 Pontifices
442 2551 623 2626 Romanos
649 2549 742 2642 quod
764 2547 923 2637 adtinet,
948 2547 1035 2622 licet
1059 2549 1311 2628 nonnullarum

142 2653 348 2750 regionum
369 2649 518 2724 Domini
539 2647 714 2723 seculares
736 2661 901 2742 tempore
919 2641 1037 2720 Caroli
1051 2645 1105 2721 M.
1123 2643 1203 2720 fasti
1218 2647 1308 2741 sint,

156 2747 254 2843 quod
277 2769 352 2824 non
371 2765 485 2846 nego,
511 2768 618 2824 verus
634 2760 758 2823 ,tamen
781 2765 908 2818 eorum
929 2741 1135 2837 conspectus
1158 2743 1210 2818 est
1230 2748 1306 2823 lon·

152 2869 197 2945 ge
222 2847 327 2932 alius,
353 2869 420 2919 nec
434 2850 625 2940 politicum,
645 2865 777 2932 ¹verum
793 2840 1074 2918 Ecclefiasticum
1091 2841 1307 2938 &spiritua-

152 2947 188 3018 le
211 2940 264 3014 est
289 2963 412 3014 eorum
436 2942 660 3016 dominium:
686 2941 809 3016 multo
830 2941 946 3015 minus
966 2962 1034 3034 pro
1056 2942 1195 3038 regibus
1216 2945 1305 3016 belli-

153 3035 259 3134 tofis,
286 3038 345 3125 qui
364 3057 513 3130 regnum
533 3037 636 3112 armis
656 3037 850 3113 fundarunt
867 3037 900 3110 dt
917 3053 1173 3133 propagarunt,
1199 3039 1304 3114 habe-

153 3139 185 3210 ri
216 3129 387 3230 poliunt,
421 3151 524 3222 quam
553 3129 706 3222 spe‘ciem
730 3135 906 3208 emblema
939 3133 1058 3208 bestiae
1084 3135 1117 3206 tc
1147 3158 1303 3211 cornuum
1394 3190 1397 3198 ,

152 3227 341 3309 manifeste
363 3225 524 3318 requirit.
552 3225 705 3319 -Papalis
726 3231 922 3335 regiminis,
950 3231 1048 3322 quod
1068 3229 1112 3302 de
1135 3230 1234 3324 Papia
1254 3237 1302 3306 be-

9 3326 18 3358 ‘
145 3329 236 3424 Jiias
257 3325 364 3415 facit,
390 3321 544 3398 caradler
566 3319 621 3394 est
641 3338 798 3412 tyrannis
816 3321 1055 3397 Ecclefiastica
1074 3325 1302 3420 &religiosa;

152 3427 212 3502 cui
238 3446 358 3522 reges,
386 3435 549 3516 tauquam
573 3416 692 3493 bestiae
715 3438 870 3504 cornua,
895 3418 1110 3494 inserviunt:
1136 3433 1175 3491 ut
1196 3421 1232 3493 in
1253 3423 1302 3494 A.

150 3522 268 3621 pocal.
296 3535 556 3616 proponuntur.
607 3513 689 3592 Nec
710 3513 939 3588 demonstrari
961 3527 1132 3608 poterunt
1154 3519 1221 3586 tria
1237 3531 1303 3587 cor.

153 3645 222 3698 arua
246 3641 266 3693 a
288 3619 388 3714 Papis
412 3615 551 3707 evulla3
577 3636 673 3703 nec,
699 3634 778 3708 quae
792 3611 893 3705 supra
914 3631 957 3684 ex
975 3607 1161 3683 Newtono
1181 3611 1302 3690 &aliis

151 3721 191 3797 in
213 3718 368 3794 medium
390 3713 535 3804 adduxi,
561 3711 594 3786 se
616 3712 712 3786 tueri
736 3708 895 3804 poliunt:
921 3709 966 3781 de
982 3727 1054 3800 quo
1070 3705 1127 3780 bic
1140 3707 1301 3800 pluribus

153 3838 257 3915 agere
281 3837 353 3888 non
378 3815 474 3886 licet.
538 3809 681 3884 neurus
707 3807 848 3902 quidem
876 3808 920 3880 de
943 3825 1057 3900 regno
1080 3805 1297 3885 Osmannico

153 3915 347 4016 cogitatur:
373 3911 432 3986 scd
466 3933 497 3987 r.
521 3909 652 3985 bcllum
672 3927 800 4077 ngoere
819 3927 902 3984 cum
924 3901 1070 3995 sanclis,
1097 3905 1303 4073 &sffperba

640 4053 642 4056 ·
753 4027 773 4098 3
1191 4023 1299 4097 oqui,
