3444 4778
431 390 494 450 ao
566 371 602 448 D
650 373 795 454 hNs
858 395 920 456 rr:
970 401 1050 473 ψ
1097 479 1122 504 ,ι
1221 383 1291 488 561

142 543 560 642 erumdepraedationes,
595 547 665 624 srve
687 551 725 626 in
753 551 938 648 Aegypto,
967 549 1193 645 fiveJudaea‚
1220 551 1293 625 sive
1340 560 1348 572 '

146 647 226 719 ahbi
242 661 438 734 terrarum,
472 649 508 718 in
531 643 647 740 specie
658 647 831 742 sacrarum
852 651 1011 738 arcium,
1037 655 1179 744 plurima
1196 651 1291 726 enirn

147 741 284 838 Tempsa
310 767 380 815 eum
393 739 543 838 spoliaffe
566 763 682 818 narrat
705 747 868 836 Polybius
894 769 933 838 a,-
960 745 1017 819 sed
1036 748 1193 821 ultimam
1211 745 1289 838 spo·

141 839 324 913 liationcm
343 841 483 932 'sempli
502 841 643 929 Dianae,
666 845 726 914 vel
743 841 915 935 Veneris,
941 845 977 916 in
993 841 1175 936 Elymaide
1199 843 1291 914 dire·

141 935 196 1008 tte
212 937 420 1024 intendunt,
444 954 613 1030 quatenus
630 940 791 1013 ultimum
808 941 875 1014 suit
891 941 965 1032 ejus
984 940 1139 1028 facinus,
1163 942 1198 1013 in
1215 961 1287 1031 quo

138 1033 255 1107 satum
278 1036 426 1106 invenit.
482 1035 539 1107 De
563 1055 634 1128 quo
657 1057 738 1108 mox
762 1057 880 1131 agam,
913 1035 1137 1130 posteaquam
1158 1040 1287 1108 verbo-

137 1153 221 1206 rum
248 1127 493 1218 intelledium‚
529 1128 729 1224 nostraeque
758 1133 1059 1224 interpretationis
1085 1135 1285 1220 rationem,

138 1227 310 1301 dederim.
368 1227 609 1320 interpretes,
644 1228 849 1320 hypothesi,
890 1249 992 1321 quam
1015 1230 1058 1302 de
1081 1251 1170 1303 vero
1194 1229 1286 1322 peri·

137 1347 240 1418 copae
263 1322 442 1398 intelleshu
465 1323 730 1412 formaverunt,
757 1325 987 1414 inherentes,
1013 1327 1136 1400 oeulos
1153 1326 1195 1400 ad
1210 1349 1285 1400 mu·

136 1425 213 1497 nita
235 1423 363 1516 quevis
387 1421 484 1512 loca,
510 1422 569 1494 vel
591 1421 717 1514 Syriae,
741 1424 803 1494 vel
829 1424 1005 1520 Aegypti,
1041 1425 1083 1496 ab
1100 1423 1284 1498 Antiocho

131 1519 352 1602 invadenda,
370 1519 461 1594 &ad
477 1537 612 1593 certum
627 1521 809 1612 breveque
825 1535 964 1615 tempus
980 1521 1186 1611 retinenda,
1204 1543 1282 1593 vcr-

136 1633 230 1694 tunt.
281 1614 389 1714 Quod
409 1638 477 1690 nee
498 1615 600 1689 series
621 1618 811 1708 orationis,
843 1641 910 1693 nec
924 1617 1064 1714 phrases
1078 1619 1280 1691 admittunt.

133 1713 242 1806 Syriae
258 1715 314 1786 vel
337 1715 488 1810 Aegypti
511 1716 810 1808 occupationem,
837 1715 938 1810 supra
956 1717 1027 1808 jam
1051 1715 1281 1809 descriptam,

132 1814 210 1905 quis
235 1812 292 1883 hic
314 1813 451 1903 repeti,
486 1813 567 1885 loco
587 1813 691 1905 plane
711 1813 829 1886 aheno
844 1863 855 1902 ,
872 1811 1000 1903 serat?
1026 1811 1186 1886 facinora
1207 1812 1281 1886 An-

130 1907 246 1982 tiochi
269 1907 304 1982 in
326 1909 544 2006 Aegyptios,
570 1931 615 1984 ne
639 1910 684 1982 de
707 1909 823 2004 Syris,
849 1913 944 2002 quod
965 1909 1070 2005 plane
1091 1910 1277 1998 abhorret,

130 2027 212 2080 cum
237 2005 371 2079 hostilia
393 2005 533 2080 confilia
556 2007 822 2105 intelligantur,
861 2008 1003 2096 dicam,
1046 2013 1278 2104 cogitationum

130 2104 277 2176 nomine
298 2103 467 2199 insigniri,
503 2105 558 2175 cui
579 2127 674 2190 non,
701 2107 788 2195 qui,
816 2106 1018 2202 Aegyptum
1037 2105 1084 2176 'ab
1106 2127 1150 2176 eo
1172 2125 1279 2176 occu·

129 2217 248 2292 potam
262 2201 295 2271 &
310 2197 489 2290 spoiiatam
504 2197 624 2284 fuisse,
650 2201 692 2270 ad
707 2202 860 2272 animum
877 2199 1059 2286 retulerit,
1077 2202 1204 2274 mirum
1220 2221 1276 2270 ac.

130 2295 250 2368 odat?
277 2293 550 2386 Expeditionem
573 2295 609 2365 in
635 2295 837 2390 Aegyptum
858 2295 882 2365 fi
904 2295 965 2366 sub
980 2295 1064 2367 vitae
1078 2291 1184 2368 finem
1200 2311 1277 2368 ten·

129 2389 252 2480 taffet,
279 2391 312 2461 dr
337 2412 381 2464 co
401 2391 526 2462 ultima
549 2389 670 2482 capitis
691 2411 789 2482 pars,
815 2412 849 2460 v.
873 2411 1029 2480 40--45.,
1055 2390 1181 2462 referri
1197 2411 1276 2484 pos·
1340 2455 1343 2462 t

128 2488 211 2576 set,
237 2489 281 2561 de
305 2509 375 2582 quo
396 2483 460 2562 suo
476 2485 558 2560 loco
573 2486 779 2579 disputabo,
806 2507 883 2562 eam
896 2489 955 2560 hic
972 2485 1111 2586 depingi
1129 2509 1200 2562 non
1216 2486 1274 2559 ab·

127 2586 289 2660 nuerimr
315 2585 409 2678 quod
431 2586 570 2753 egrefia
588 2582 700 2676 specie
718 2605 890 2657 exornare
911 2583 1055 2680 possem.
1107 2584 1173 2657 Sed
1191 2591 1283 2658 cum'

126 2683 163 2756 id
186 2707 251 2777 pro
273 2683 443 2772 incerto,
469 2703 513 2754 ve
547 2679 635 2754 salso
660 2684 796 2774 potius,
823 2681 988 2768 habeam,
1014 2681 1170 2756 animum
1189 2679 1273 2754 defi·

125 2801 172 2878 go
195 2781 230 2854 in
253 2781 411 2873 improba
434 2780 509 2872 ejus
534 2779 737 2869 molimina,
769 2795 872 2854 antea
896 2779 983 2873 saepe
1005 2776 1147 2852 effectui
1170 2780 1271 2867 data,

125 2879 252 2971 quibus
274 2877 352 2974 loca
368 2875 461 2949 sacra
476 2875 661 2969 spoliarit,
685 2899 782 2950 nunc
796 2877 931 2952 infelici
948 2899 1029 2951 cum
1045 2877 1141 2950 exitu
1157 2892 1270 2951 tenta·

122 2990 158 3049 ta
172 2978 243 3048 -srib
269 2977 350 3048 vitae
371 2970 489 3048 finem.
546 2973 585 3048 In
611 2995 687 3067 quae
711 2973 850 3068 phrases
870 2975 1006 3070 optime
1028 2975 1271 3064 conveniunt,

124 3072 304 3166 &adque
316 3071 449 3144 ultimae
466 3092 572 3145 voces
587 3073 736 3147 omnino
753 3073 914 3148 tendunt.

137 3193 141 3200 ·
168 3176 204 3261 §.
220 3167 341 3242 CXsX.
370 3165 456 3239 Vorr
476 3193 624 3253 rar-tran,
655 3189 675 3239 a
697 3168 813 3242 radice
838 3195 921 3258 aaa,
954 3169 1051 3262 cujtts
1073 3173 1269 3265 proprietas

123 3265 173 3340 est
200 3269 236 3340 in
256 3263 472 3360 precidenda,
495 3259 711 3356 preferendo,
738 3266 773 3333 vi
797 3265 939 3360 originis
967 3281 1076 3338 cautes
1097 3267 1267 3363 ahsrrffas,

17 3379 28 3388 ·
121 3381 218 3460 rupes
231 3360 397 3458 precisas,
423 3359 505 3432 inde
519 3360 649 3450 quaevis
668 3359 746 3433 loca
761 3367 910 3447 munira,
925 3361 965 3432 ad
981 3360 1214 3436 scandendum
1233 3365 1269 3436 tc

120 3459 357 3557 superandum
381 3459 503 3544 ardua,
530 3458 688 3530 denotat.
738 3455 806 3530 sed
827 3457 871 3531 ad
886 3479 1025 3543 aarum,
1051 3475 1266 3554 argentumve

120 3558 382 3658 sagnihcandum
411 3554 481 3628 sese
509 3574 647 3646 quoque
668 3552 828 3629 extendit
849 3576 922 3628 vox
945 3553 1100 3642 eiusdem
1122 3554 1267 3652 originis
1309 3621 1314 3627 .

122 3681 177 3734 rs:
200 3709 212 3745 ,
239 3655 311 3728 srve
335 3653 429 3750 quod
451 3653 485 3724 in
511 3652 626 3724 arduis
645 3650 844 3740 delitescat,
869 3649 1114 3746 adservarique
1133 3650 1265 3742 soleat,

122 3753 237 3844 locis,
278 3773 384 3848 quare
416 3763 587 3846 argentum
609 3754 848 3927 ιαίἰςατὲοέἶηιι)
863 3749 1057 3850 adpellatur
1080 3749 1159 3848 Job.
1183 3771 1265 3938 κκὲιε

618 3897 623 3904 -
1036 3923 1039 3930 ,
1206 3868 1263 3924 a.

160 3995 178 4040 ι
200 3973 273 4054 apud
287 3973 391 4039 nmen.
402 3973 421 4036 l.
434 3989 463 4034 r.
476 3990 504 4052 p.
523 3987 588 4047 191.
