3418 4754
401 433 478 536 gas
585 407 1412 548 orssanrnrrouns

329 642 356 673 a
407 623 474 679 nus
496 599 612 696 primo
634 599 667 673 δι
690 597 826 675 diretio
845 597 948 674 sensu
969 598 1059 676 Luc.
1084 608 1172 676 xlii:
1201 621 1262 692 29,
1284 622 1342 695 30.
1372 597 1424 674 his
1441 598 1569 676 verbis

409 699 575 772 declarat.
626 697 720 770 Sicut
746 693 851 771 Pater
874 700 955 770 mihi
977 697 1132 794 disposuit
1151 721 1309 794 regnum,
1334 701 1383 769 ito
1398 723 1453 794 ego
1469 702 1570 771 uobis

409 799 559 890 dispono,-
584 808 622 865 ut
645 797 749 866 edatis
771 793 814 878 δ’
838 797 955 866 bibatis
979 797 1021 866 od
1042 793 1181 890 meosctm
1198 799 1459 891 meomioregoo
1474 815 1569 884 meo,
1637 885 1641 892 Ι

411 889 455 975 &⁹
469 890 611 989 sedeatis
630 895 665 962 in
685 895 809 963 thronis
822 891 1003 983 judicantes
1018 893 1178 965 duodecim
1194 897 1298 964 tribou
1314 889 1430 967 lsrael.
1507 913 1570 965 uae

412 990 558 1080 oratio,
582 1001 658 1062 tota
675 985 840 1084 figurata,
864 985 1119 1081 Apostolorum
1136 1009 1216 1062 curn
1233 986 1427 1081 supremam
1442 991 1479 1063 in
1511 987 1525 1006 “
1553 1019 1570 1036 ·

337 1129 338 1132 ¹
372 1093 374 1098 '
414 1085 516 1180 clefia
532 1083 611 1178 post
635 1083 813 1160 Christum
832 1085 1078 1173 autoritatem,
1112 1101 1188 1162 turn
1214 1085 1423 1182 singularem
1442 1101 1571 1182 praro-

412 1188 585 1280 gotivom,
623 1203 691 1276 qua
715 1181 869 1275 primarii
896 1181 1021 1256 forent
1042 1181 1171 1258 Christi
1192 1181 1338 1256 ministri
1362 1185 1397 1256 δι
1416 1183 1569 1272 vicarii,

414 1278 671 1374 complectitur.
731 1277 816 1378 Quo
841 1281 947 1354 etiam
973 1278 1078 1371 facit,
1111 1279 1206 1374 quod
1228 1282 1337 1351 claves
1357 1284 1454 1375 regni
1476 1284 1570 1354 colo·

415 1401 489 1450 rom
510 1399 592 1450 curn
613 1374 789 1468 potestate
811 1377 980 1450 claudendi
1001 1371 1245 1471 trophonii,
1269 1373 1392 1461 idest,
1418 1375 1572 1452 creden·

417 1475 461 1545 da
485 1474 517 1546 δι
540 1470 701 1547 facienda
722 1473 992 1566 praescribendi,
1017 1471 1096 1564 ipsrs
1112 1474 1191 1547 solis
1201 1473 1340 1548 vfuerint
1354 1473 1572 1564 commissa,

414 1569 547 1644 Matth.
571 1591 643 1644 xvi:
667 1583 722 1660 19.
746 1591 848 1644 xvrrr:
872 1575 927 1645 18.
998 1570 1033 1643 h.
1054 1591 1113 1644 xxx
1137 1591 1194 1663 23.
1243 1569 1361 1669 Quam
1378 1572 1572 1662 personam

417 1666 605 1760 Apostoli,
638 1683 802 1758 tanquam
831 1663 977 1741 infallibi
993 1689 1029 1739 es
1050 1665 1246 1754 Doctores,
1279 1665 1434 1760 supremi
1456 1665 1571 1742 resto.

418 1784 474 1838 ses
492 1765 526 1836 δι
546 1761 704 1853 judices,
730 1762 813 1836 dum
830 1763 925 1836 inter
940 1764 1100 1838 homines
1117 1763 1284 1854 fuerunt,
1308 1764 1474 1856 praeclare
1492 1786 1571 1862 ges-

419 1857 560 1945 serunt,
586 1873 784 1952 geruntque
800 1862 1032 1950 perverbum,
1058 1863 1101 1932 ab
1117 1859 1193 1952 iphs
1208 1857 1386 1949 relictum,
1412 1879 1478 1955 per
1493 1883 1572 1938 om-

417 1955 476 2028 nia
498 1970 668 2047 tempora.
719 1951 808 2122 (ἐπὶ
831 1954 888 2026 hic
907 1955 1008 2026 latius
1026 1955 1203 2030 deduxisse
1220 1957 1306 2031 nihil
1324 1959 1473 2036 adtinet.

466 2055 497 2139 §.
513 2048 545 2120 X
551 2047 608 2123 ill.
658 2051 693 2132 β.
720 2050 741 2121 l·
757 2071 801 2122 oc
815 2052 896 2124 'rite
918 2067 1112 2145 percept0‚
1145 2049 1289 2142 Visum,
1323 2056 1418 2148 quod
1441 2054 1570 2134 Filium

419 2145 599 2234 hominis,
639 2145 674 2220 ἀ
702 2149 895 2240 explicatio
922 2149 1081 2244 Angeli,
1119 2172 1195 2243 quae
1217 2149 1349 2224 santos
1370 2169 1569 2244 memorat,

420 2245 532 2318 amice
562 2242 777 2336 conspirant.
843 2244 934 2320 Cum
965 2248 1061 2321 enim
1086 2245 1199 2320 sonito
1223 2247 1350 2324 eodem
1371 2251 1408 2325 in
1432 2251 1569 2327 throno

421 2363 502 2416 curn
522 2337 645 2430 Christo
667 2339 846 2415 considete
867 2343 1046 2436 dicantur,
1072 2359 1112 2418 ut
1132 2343 1241 2418 modo
1263 2345 1437 2440 vidimus,
1461 2349 1567 2424 adeo·

409 2439 488 2532 'que
515 2437 581 2513 srnt
603 2440 676 2529 ejus
700 2437 849 2536 adalpero
872 2439 1086 2538 &roccham
1111 2442 1237 2534 quibus
1260 2443 1370 2519 titulis
1384 2445 1569 2538 homines,

322 2571 326 2578 ·
422 2535 459 2609 in
481 2534 676 2609 consessum
699 2533 863 2612 Deorum
877 2536 1070 2630 adsumpti,
1097 2539 1221 2612 venire
1236 2536 1351 2616 solent
1365 2542 1460 2635 apud
1474 2543 1568 2620 Gen.

420 2633 519 2706 tiles:
546 2652 608 2704 eos
631 2632 693 2703 sub
713 2627 797 2703 Filii
818 2637 977 2723 hominis,
1002 2634 1036 2706 ἃ
1058 2634 1153 2709 hunc
1168 2637 1285 2709 rursus
1300 2635 1491 2714 Saniorum
1504 2665 1569 2718 no·

420 2729 536 2810 mine,
561 2726 816 2818 comprehendi
840 2727 961 2820 posse,
987 2729 1079 2803 haud
1093 2729 1282 2806 difficulter
1294 2736 1466 2812 cernitur.
1513 2735 1569 2811 Fi·

422 2823 489 2893 lius
513 2821 665 2894 hominis
686 2823 721 2894 in
743 2819 847 2896 scena
870 2844 1077 2916 comparens
1100 2827 1186 2904 sicut
1209 2827 1409 2922 Christum,
1448 2855 1578 2932 regem.

423 2917 459 2989 or
487 2935 613 3008 caput,
646 2917 827 3010 expinxit,
866 2922 923 2993 cui
956 2942 1106 3018 regnum
1125 2927 1268 3020 proprie
1290 2929 1485 3022 competit,
1517 2932 1567 3007 ita

423 3011 636 3100 Sannorum,
662 3013 722 3105 qui
740 3035 820 3090 curn
837 3015 913 3109 ipso
930 3035 1137 3115 regnarent,
1163 3023 1347 3118 personam
1362 3027 1462 3101 simul
1475 3027 1569 3103 susti-

423 3123 604 3199 nosquam
620 3107 798 3204 aptisfime.
850 3110 959 3210 Quod
975 3132 1045 3192 tam
1060 3119 1128 3192 late
1143 3121 1371 3209 extenditur,
1397 3137 1456 3214 ut,
1472 3125 1569 3216 quod

277 3211 286 3226 '
421 3203 551 3282 sanctis
565 3205 624 3280 sou
642 3205 806 3281 Ecclesrae
820 3211 895 3303 ejus
909 3213 1059 3304 accidit,
1090 3215 1224 3291 illud&
1241 3216 1301 3311 ipsr
1317 3215 1392 3291 fieri
1408 3221 1569 3315 dicatur,

422 3302 718 3396 quemadmodum
733 3319 829 3402 capot
848 3311 1007 3404 corporis
1021 3310 1094 3386 sata
1107 3313 1169 3388 fibi
1185 3315 1351 3390 vindicat.
1399 3315 1455 3392 lta
1471 3319 1568 3394 Chri·

421 3399 493 3476 stus
509 3401 551 3474 ad
563 3402 726 3496 Saulum,
752 3405 830 3499 quid
842 3429 891 3478 me
900 3406 1129 3504 persequeris?
1153 3409 1231 3485 Act.
1249 3436 1294 3486 rx.
1337 3411 1447 3524 Quod
1464 3421 1568 3495 variis

422 3500 460 3573 in
483 3499 705 3593 prophetiis,
736 3500 781 3576 nd
809 3501 984 3581 Christum
1015 3505 1051 3580 δι
1076 3505 1265 3584 Ecclesiam
1285 3515 1569 3609 pertinentibus,

424 3618 566 3688 quoque
596 3598 754 3674 obtinet:
789 3599 972 3693 inquibus
1000 3602 1044 3674 de
1069 3600 1208 3678 Christo
1235 3605 1445 3702 &corpore
1468 3615 1566 3705 ejus,

425 3690 598 3780 Ecclesia,
626 3710 789 3785 tanquam
810 3695 854 3768 de
876 3721 943 3770 ooo
965 3698 1096 3792 persono
1116 3701 1253 3776 mentio
1266 3701 1318 3777 fir
1355 3703 1446 3781 smo
1462 3709 1568 3785 titulo

415 3785 553 3882 seminis
570 3795 717 3862 molieris
731 3791 822 3865 Gen.
845 3813 923 3867 rrr.
948 3791 1081 3869 &iiiiii
1095 3799 1229 3871 hominis
1248 3797 1295 3872 lis.
1312 3819 1387 3875 vrrr.
1413 3804 1589 3882 Christus.
1630 3793 1631 3798 Ν

426 3883 462 3956 dr
481 3881 595 3958 santii
616 3888 691 3980 ejus
712 3889 1074 3984 comprehenduntur.
1131 3892 1242 3970 Filios
1261 3918 1352 3974 vero
1370 3901 1508 3976 hominis
1529 3905 1567 3978 in

1479 3997 1563 4074 Viso
