3440 4774
391 418 456 474 an
526 396 563 470 D
612 395 646 472 A
694 391 746 472 Ν.
816 414 880 472 xit
927 417 984 490 37.
1210 409 1278 506 ⁶53

64 617 68 626 ¹
182 585 213 678 5.
228 581 465 660 CLXXXVII.
498 579 644 654 Tertiam
666 580 835 673 superbias
856 582 891 657 a
909 581 1072 656 lubidinis
1086 582 1280 677 Antiochi,

138 698 301 780 tanquam
315 681 427 756 unicae
440 675 617 754 attionutn
634 677 922 753 &institutorum
938 701 1070 754 normae
1081 729 1093 768 ,
1094 684 1281 777 specimen,

136 803 180 855 cr
199 803 288 876 quo,
314 781 486 872 impetum
507 777 582 867 ejus
602 778 638 849 in
660 775 779 850 Deum
802 775 1059 871 &religionem
1074 775 1280 870 Judaeorum

22 871 26 878 ’
135 880 236 954 aliam
258 899 332 952 non
351 871 505 949 habuisse
529 873 724 969 originem,
750 872 849 947 simul
864 872 1033 966 patescit,
1060 873 1096 951 in
1111 898 1157 950 eo
1172 877 1282 951 collo·

134 990 259 1064 catur,
284 975 383 1066 quod
405 991 474 1044 nec
495 972 639 1062 propria
659 971 835 1064 religionis
858 991 941 1043 cura
963 985 1023 1043 aut
1039 970 1153 1047 studio
1169 973 1210 1048 fit
1225 974 1283 1047 ad·
1360 1011 1364 1022 ·

132 1070 325 1154 ficiendus,
351 1087 418 1141 nec
437 1066 539 1138 aliter
559 1084 640 1137 cum
662 1067 734 1136 aliis
755 1067 853 1160 regni
874 1065 946 1152 sui,
982 1066 1175 1140 aliarumve
1198 1089 1290 1165 gen,

134 1171 247 1257 tium,
273 1166 369 1253 Diis,
394 1183 498 1256 quam
512 1180 593 1233 cum
608 1159 690 1234 Deo
704 1161 858 1251 israelis,
883 1158 1019 1233 asturus
1033 1162 1095 1252 lit,
1118 1164 1206 1238 vers.
1222 1189 1281 1258 37.

134 1261 188 1338 Et
204 1265 245 1335 ad
266 1263 354 1334 Deos
377 1257 520 1332 Petrum
528 1255 663 1353 suarum
677 1263 793 1331 mentis
807 1263 907 1328 aciem
924 1280 986 1329 non
1002 1259 1200 1335 admovebit:
1226 1285 1283 1336 net
1367 1305 1370 1312 ⁴

134 1363 179 1435 ad
202 1357 387 1452 defiderium
409 1360 598 1441 mulierum,
632 1357 817 1427 catullum
841 1352 952 1426 Deum
979 1356 1175 1449 adplicabit,
1208 1363 1285 1455 quia

135 1473 250 1534 cantra
278 1476 382 1528 amnes
398 1452 468 1550 sese
494 1453 683 1546 implicabit.
749 1449 839 1618 (iuae
861 1453 972 1524 verba
993 1471 1059 1538 eo,
1101 1476 1171 1546 quo
1192 1457 1284 1545 dixi,

135 1555 312 1643 tendunt,
338 1552 466 1645 partim
488 1565 529 1624 ut
550 1569 688 1645 regem,
704 1551 809 1621 vnula
832 1547 942 1622 divini
960 1565 1020 1624 aut
1037 1553 1177 1626 humani
1193 1553 1282 1645 juris

134 1653 275 1727 ratione
291 1651 427 1737 habita,
453 1645 572 1722 omnia
587 1667 655 1740 pro
670 1649 777 1718 lubitu
795 1641 865 1716 else
878 1642 1055 1734 aelurum,
1080 1665 1123 1722 ut
1139 1648 1176 1723 in
1191 1651 1285 1743 prin·

135 1749 234 1844 cipio
256 1747 345 1820 vers.
367 1747 421 1835 1-6.
452 1743 580 1816 diuum
603 1758 699 1831 erat,
732 1740 949 1815 elucesceret
967 1742 1129 1836 uberius,
1155 1747 1282 1839 partim

135 1863 180 1920 ut
193 1844 304 1934 ratio,
330 1865 407 1938 quae
422 1839 532 1934 ipsum
547 1855 674 1912 contra
689 1837 890 1932 Judaeorum
903 1838 1113 1934 religionem
1128 1844 1283 1918 concita.

134 1945 215 2030 vit,
241 1965 315 2016 non
335 1963 354 2012 a
377 1938 492 2013 studio
509 1936 688 2032 religionis
704 1934 826 2029 patriae
843 1935 1096 2031 propagandae,
1121 1955 1182 2015 aut
1196 1941 1283 2016 odio

134 2039 275 2134 speciali
298 2041 334 2111 in
354 2036 557 2131 Judaeorum
579 2036 723 2123 Deum,
761 2047 800 2106 ut
819 2031 1080 2125 praetendebat,
1113 2038 1284 2112 &videri

134 2153 300 2234 poterat,
326 2134 385 2209 sed
399 2157 419 2205 a
431 2133 574 2206 libidine
590 2132 664 2221 ejus
675 2129 873 2221 'repetenda
880 2177 893 2217 ,
908 2129 945 2202 in
964 2129 1079 2204 lucem
1092 2133 1282 2224 ederetur,

136 2235 223 2328 quia
241 2253 325 2304 cura
347 2229 524 2324 religionis
548 2228 668 2319 patriae
690 2225 801 2314 ipsum
822 2245 944 2316 parum
962 2239 1146 2322 tangeret,
1173 2231 1284 2306 &e0.

137 2331 221 2405 dem
242 2324 351 2402 modo
373 2326 409 2397 in
431 2323 496 2396 alia
510 2321 615 2395 etiam
631 2319 788 2394 Numina
802 2318 1019 2415 grassaretur.
1069 2320 1187 2418 Quem
1210 2325 1283 2400 sco·

136 2449 225 2524 pum
247 2426 281 2498 ἂ
302 2419 529 2516 conspeiium
549 2418 739 2493 verborum
754 2417 778 2490 si
795 2415 1027 2491 adtendilient
1044 2415 1258 2513 Interpretes
1268 2473 1282 2514 ,

137 2546 207 2600 nec
236 2523 313 2610 illi,
352 2521 410 2612 qui
441 2517 661 2593 Antiochum
682 2515 739 2588 hic
761 2516 903 2612 depingi
925 2515 1109 2593 nobiscum
1132 2533 1281 2618 tenent,

108 2641 113 2650 ’
135 2621 227 2696 adeo
248 2615 419 2692 haesissent
440 2617 477 2690 in
502 2615 542 2690 iis
565 2613 608 2688 ad
629 2635 711 2688 eum
725 2613 956 2708 adplicandis,
982 2636 1050 2688 nec
1064 2616 1119 2688 alii
1134 2616 1218 2708 hinc
1231 2640 1284 2690 ar.

135 2715 347 2816 gumentum
370 2731 494 2788 eontra
518 2709 728 2806 hypothesin
750 2734 828 2787 earn
849 2709 1046 2807 petiissent3
1083 2711 1149 2788 acsr
1174 2717 1284 2790 verba

136 2819 176 2892 in
199 2814 419 2890 Antiochum
442 2834 516 2886 non
533 2811 762 2904 quadrarent,
795 2831 876 2885 cum
901 2809 995 2883 laudi
1013 2811 1152 2903 potius,
1178 2835 1283 2906 quam

136 2914 257 3001 vitio,
296 2913 329 2984 ei
354 2913 445 2985 verti
469 2905 660 2996 debuisset,
699 2905 794 3001 quod
824 2906 908 2981 falsa
933 2907 1104 2984 Gentium
1124 2907 1283 2986 Numina

137 3008 331 3102 sprevisset.
383 3007 528 3082 Crimen
550 3007 645 3078 enim
666 3004 701 3077 in
720 3027 765 3079 eo
781 3005 985 3098 ponendum
1003 3003 1075 3097 est,
1100 3009 1195 3099 quod
1210 3007 1286 3084 An·

136 3105 305 3192 tiochus,
343 3103 522 3175 idolorum
548 3101 667 3172 cultor
689 3101 880 3191 professus,
912 3124 1036 3176 eorum
1065 3105 1195 3180 nullam
1224 3103 1284 3178 ha·

139 3203 258 3278 buerit
271 3197 467 3283 rationem,
501 3215 615 3286 eoque
633 3195 820 3284 profanam
838 3198 937 3271 omni
952 3214 1070 3287 parte,
1096 3221 1137 3271 ac
1152 3223 1219 3292 pro
1234 3223 1284 3274 ar·

139 3300 249 3376 bitrio
272 3311 463 3392 agentem,
496 3291 650 3362 animum
674 3291 904 3384 patefecerit,
930 3291 1029 3366 simul
1044 3291 1079 3377 se
1094 3294 1200 3390 longe
1215 3298 1285 3370 alio

140 3417 185 3470 ex
207 3393 401 3488 principia,
427 3409 467 3461 ac
494 3386 672 3481 religionis
695 3387 813 3479 patria
827 3387 963 3475 studio,
988 3387 1189 3479 ludaeorum
1209 3393 1287 3466 reli·

140 3493 282 3590 gionem
305 3486 477 3562 hostiliter
496 3483 701 3576 impetiisse,
734 3483 902 3578 superbiae
927 3486 1060 3559 scilicet
1081 3487 1286 3562 &avaritia

139 3605 182 3663 ut
211 3591 340 3661 litaret.
403 3582 512 3684 Quod
541 3582 688 3656 omnino
720 3584 757 3656 in
780 3604 853 3655 rem
875 3583 1041 3656 erat-luci
1064 3583 1282 3676 exposuisse,

140 3707 222 3760 curn
253 3701 294 3758 ut
319 3682 408 3779 regis
431 3681 592 3774 improba
611 3679 764 3754 adfatiin
788 3682 894 3776 magis
918 3681 1172 3774 explicaretur,
1204 3696 1282 3758 tum

138 3801 180 3858 ut
207 3802 316 3876 prava
330 3779 528 3874 praejudicia
542 3826 555 3865 ,
580 3799 657 3868 quae
672 3799 715 3851 er
731 3779 799 3852 hoc
814 3779 950 3871 impetu
963 3780 998 3853 in
1014 3777 1133 3854 Deum
1150 3779 1283 3856 Israelis

139 3877 339 3989 Gentilibus
358 3875 506 3956 suboriri
526 3873 687 4050 possepg,
720 3877 784 3949 hac
806 3891 907 3970 parte
930 3878 1284 4060 prevenirentugmvel

545 4051 563 4077 ,Ι
680 3996 816 4072 ΠΠΠ3
1182 3991 1195 4052 t
1247 4001 1292 4052 es.
