<?xml version="1.0" encoding="UTF-8"?>
<!DOCTYPE html PUBLIC "-//W3C//DTD XHTML 1.0 Transitional//EN"
    "http://www.w3.org/TR/xhtml1/DTD/xhtml1-transitional.dtd">
<html xmlns="http://www.w3.org/1999/xhtml" xml:lang="en" lang="en">
 <head>
  <title>
</title>
<meta http-equiv="Content-Type" content="text/html;charset=utf-8" />
  <meta name='ocr-system' content='tesseract 3.04.00' />
  <meta name='ocr-capabilities' content='ocr_page ocr_carea ocr_par ocr_line ocrx_word'/>
</head>
<body>
  <div class='ocr_page' id='page_1' title='image "./dissertationesa00venegoog_0607.png"; bbox 0 0 3386 4744; ppageno 0'>
   <div class='ocr_carea' id='block_1_1' title="bbox 429 351 1307 469">
    <p class='ocr_par' dir='ltr' id='par_1_1' title="bbox 429 351 1307 469">
     <span class='ocr_line' id='line_1_1' title="bbox 429 351 1307 469; baseline 0.013 -43"><span class='ocrx_word' id='word_1_1' title='bbox 429 371 493 426; x_wconf 78' lang='lat' dir='ltr'>ab</span> <span class='ocrx_word' id='word_1_2' title='bbox 550 351 604 428; x_wconf 74' lang='lat' dir='ltr'>&#39;D</span> <span class='ocrx_word' id='word_1_3' title='bbox 653 353 687 430; x_wconf 82' lang='lat' dir='ltr'><strong>A</strong></span> <span class='ocrx_word' id='word_1_4' title='bbox 735 353 783 433; x_wconf 89' lang='lat' dir='ltr'>N.</span> <span class='ocrx_word' id='word_1_5' title='bbox 858 353 922 436; x_wconf 79' lang='lat' dir='ltr'>xia</span> <span class='ocrx_word' id='word_1_6' title='bbox 968 383 1030 456; x_wconf 85' lang='lat'>30.</span> <span class='ocrx_word' id='word_1_7' title='bbox 1238 385 1307 469; x_wconf 80' lang='lat'>593</span> 
     </span>
    </p>
   </div>
   <div class='ocr_carea' id='block_1_2' title="bbox 81 529 1433 3850">
    <p class='ocr_par' dir='ltr' id='par_1_2' title="bbox 81 529 1433 1030">
     <span class='ocr_line' id='line_1_2' title="bbox 150 529 1307 645; baseline -0.002 -33"><span class='ocrx_word' id='word_1_8' title='bbox 150 543 178 645; x_wconf 61' lang='lat'>&gt;3</span> <span class='ocrx_word' id='word_1_9' title='bbox 202 529 315 620; x_wconf 65' lang='lat' dir='ltr'>atta</span> <span class='ocrx_word' id='word_1_10' title='bbox 333 540 549 639; x_wconf 61' lang='lat' dir='ltr'>largiamur,</span> <span class='ocrx_word' id='word_1_11' title='bbox 581 563 648 615; x_wconf 85' lang='lat' dir='ltr'>rem</span> <span class='ocrx_word' id='word_1_12' title='bbox 668 536 857 638; x_wconf 80' lang='lat' dir='ltr'>inspeciem</span> <span class='ocrx_word' id='word_1_13' title='bbox 878 555 1025 637; x_wconf 81' lang='lat' dir='ltr'><em>asperam</em></span> <span class='ocrx_word' id='word_1_14' title='bbox 1050 537 1093 626; x_wconf 52' lang='grc' dir='ltr'>ἐξ</span> <span class='ocrx_word' id='word_1_15' title='bbox 1115 535 1307 634; x_wconf 79' lang='lat' dir='ltr'>nnatiaasu·</span> 
     </span>
     <span class='ocr_line' id='line_1_3' title="bbox 141 637 1305 732; baseline 0.002 -24"><span class='ocrx_word' id='word_1_16' title='bbox 141 640 301 731; x_wconf 85' lang='lat' dir='ltr'><em>perham,</em></span> <span class='ocrx_word' id='word_1_17' title='bbox 328 638 461 712; x_wconf 89' lang='lat' dir='ltr'>fatetur</span> <span class='ocrx_word' id='word_1_18' title='bbox 481 639 645 731; x_wconf 84' lang='lat' dir='ltr'>Polybius</span> <span class='ocrx_word' id='word_1_19' title='bbox 661 662 689 714; x_wconf 73' lang='grc' dir='ltr'>α.</span> <span class='ocrx_word' id='word_1_20' title='bbox 740 637 876 714; x_wconf 81' lang='lat' dir='ltr'>Pollern</span> <span class='ocrx_word' id='word_1_21' title='bbox 891 639 934 712; x_wconf 87' lang='lat' dir='ltr'>de</span> <span class='ocrx_word' id='word_1_22' title='bbox 950 638 1068 713; x_wconf 89' lang='lat' dir='ltr'>ferino</span> <span class='ocrx_word' id='word_1_23' title='bbox 1083 660 1206 728; x_wconf 91' lang='lat' dir='ltr'>more,</span> <span class='ocrx_word' id='word_1_24' title='bbox 1232 655 1305 732; x_wconf 89' lang='lat' dir='ltr'>quo</span> 
     </span>
     <span class='ocr_line' id='line_1_4' title="bbox 145 733 1306 834; baseline 0.003 -30"><span class='ocrx_word' id='word_1_25' title='bbox 145 754 232 810; x_wconf 81' lang='lat' dir='ltr'>cuin</span> <span class='ocrx_word' id='word_1_26' title='bbox 257 737 395 830; x_wconf 90' lang='lat' dir='ltr'>populis</span> <span class='ocrx_word' id='word_1_27' title='bbox 423 754 574 834; x_wconf 88' lang='lat' dir='ltr'>egerunt</span> <span class='ocrx_word' id='word_1_28' title='bbox 595 736 768 826; x_wconf 88' lang='lat' dir='ltr'>Romani,</span> <span class='ocrx_word' id='word_1_29' title='bbox 799 738 899 830; x_wconf 88' lang='lat' dir='ltr'>plura</span> <span class='ocrx_word' id='word_1_30' title='bbox 922 736 1105 832; x_wconf 85' lang='lat' dir='ltr'>proferre,</span> <span class='ocrx_word' id='word_1_31' title='bbox 1131 736 1228 810; x_wconf 81' lang='lat' dir='ltr'>sires</span> <span class='ocrx_word' id='word_1_32' title='bbox 1243 733 1306 808; x_wconf 92' lang='lat' dir='ltr'>du·</span> 
     </span>
     <span class='ocr_line' id='line_1_5' title="bbox 143 831 1425 932; baseline 0.001 -28"><span class='ocrx_word' id='word_1_33' title='bbox 143 831 205 904; x_wconf 89' lang='lat' dir='ltr'>bia</span> <span class='ocrx_word' id='word_1_34' title='bbox 233 851 295 908; x_wconf 88' lang='lat' dir='ltr'>aut</span> <span class='ocrx_word' id='word_1_35' title='bbox 318 835 439 932; x_wconf 87' lang='lat' dir='ltr'>ignota</span> <span class='ocrx_word' id='word_1_36' title='bbox 462 835 558 910; x_wconf 88' lang='lat' dir='ltr'>ellet.</span> <span class='ocrx_word' id='word_1_37' title='bbox 614 833 670 906; x_wconf 90' lang='lat' dir='ltr'>De</span> <span class='ocrx_word' id='word_1_38' title='bbox 684 832 890 926; x_wconf 78' lang='lat' dir='ltr'>fortitudine</span> <span class='ocrx_word' id='word_1_39' title='bbox 914 855 1059 920; x_wconf 87' lang='lat' dir='ltr'>eorum,</span> <span class='ocrx_word' id='word_1_40' title='bbox 1101 855 1204 929; x_wconf 87' lang='lat' dir='ltr'>quam</span> <span class='ocrx_word' id='word_1_41' title='bbox 1229 849 1302 906; x_wconf 72' lang='lat' dir='ltr'>vost</span> <span class='ocrx_word' id='word_1_42' title='bbox 1421 847 1425 856; x_wconf 88' lang='grc'><strong>’</strong></span> 
     </span>
     <span class='ocr_line' id='line_1_6' title="bbox 81 929 1433 1030; baseline -0.001 -26"><span class='ocrx_word' id='word_1_43' title='bbox 81 955 90 976; x_wconf 88' lang='grc'><em>·</em></span> <span class='ocrx_word' id='word_1_44' title='bbox 145 955 211 1006; x_wconf 60' lang='grc' dir='ltr'><em>Μ</em></span> <span class='ocrx_word' id='word_1_45' title='bbox 237 933 532 1024; x_wconf 88' lang='lat' dir='ltr'>comprehendit,</span> <span class='ocrx_word' id='word_1_46' title='bbox 557 954 614 1007; x_wconf 89' lang='lat' dir='ltr'>res</span> <span class='ocrx_word' id='word_1_47' title='bbox 637 954 778 1030; x_wconf 88' lang='lat' dir='ltr'>quoque</span> <span class='ocrx_word' id='word_1_48' title='bbox 799 931 849 1004; x_wconf 91' lang='lat' dir='ltr'>est</span> <span class='ocrx_word' id='word_1_49' title='bbox 872 931 1092 1009; x_wconf 79' lang='lat' dir='ltr'>testatissima.</span> <span class='ocrx_word' id='word_1_50' title='bbox 1144 929 1234 1004; x_wconf 89' lang='lat' dir='ltr'>Cum</span> <span class='ocrx_word' id='word_1_51' title='bbox 1250 929 1302 1002; x_wconf 84' lang='lat' dir='ltr'>fe·</span> <span class='ocrx_word' id='word_1_52' title='bbox 1432 1009 1433 1017; x_wconf 15' lang='lat' dir='ltr'>g</span> 
     </span>
    </p>

    <p class='ocr_par' dir='ltr' id='par_1_3' title="bbox 128 1028 1300 2588">
     <span class='ocr_line' id='line_1_7' title="bbox 142 1028 1300 1124; baseline 0.002 -24"><span class='ocrx_word' id='word_1_53' title='bbox 142 1029 219 1118; x_wconf 88' lang='lat' dir='ltr'>ris,</span> <span class='ocrx_word' id='word_1_54' title='bbox 248 1032 283 1105; x_wconf 75' lang='grc' dir='ltr'>δι</span> <span class='ocrx_word' id='word_1_55' title='bbox 308 1030 479 1105; x_wconf 83' lang='lat' dir='ltr'>libertatis</span> <span class='ocrx_word' id='word_1_56' title='bbox 498 1031 750 1121; x_wconf 88' lang='lat' dir='ltr'>bonorumque</span> <span class='ocrx_word' id='word_1_57' title='bbox 769 1030 920 1106; x_wconf 87' lang='lat' dir='ltr'>aliorum</span> <span class='ocrx_word' id='word_1_58' title='bbox 944 1031 1161 1124; x_wconf 84' lang='lat' dir='ltr'>raptoribus,</span> <span class='ocrx_word' id='word_1_59' title='bbox 1194 1028 1300 1102; x_wconf 84' lang='lat' dir='ltr'>etiam</span> 
     </span>
     <span class='ocr_line' id='line_1_8' title="bbox 140 1123 1299 1222; baseline -0.002 -22"><span class='ocrx_word' id='word_1_60' title='bbox 140 1142 415 1222; x_wconf 79' lang='lat' dir='ltr'>comparantur.</span> <span class='ocrx_word' id='word_1_61' title='bbox 476 1125 653 1216; x_wconf 76' lang='lat' dir='ltr'>Telesini,</span> <span class='ocrx_word' id='word_1_62' title='bbox 685 1126 784 1203; x_wconf 82' lang='lat' dir='ltr'>ducis</span> <span class='ocrx_word' id='word_1_63' title='bbox 811 1128 1040 1217; x_wconf 86' lang='lat' dir='ltr'>Samnitium,</span> <span class='ocrx_word' id='word_1_64' title='bbox 1075 1125 1205 1200; x_wconf 68' lang='lat' dir='ltr'>dietum</span> <span class='ocrx_word' id='word_1_65' title='bbox 1228 1123 1299 1198; x_wconf 90' lang='lat' dir='ltr'>fuit</span> 
     </span>
     <span class='ocr_line' id='line_1_9' title="bbox 139 1221 1300 1324; baseline -0.005 -26"><span class='ocrx_word' id='word_1_66' title='bbox 139 1225 242 1318; x_wconf 84' lang='lat' dir='ltr'>apud</span> <span class='ocrx_word' id='word_1_67' title='bbox 264 1222 444 1320; x_wconf 88' lang='lat' dir='ltr'>Vellejum</span> <span class='ocrx_word' id='word_1_68' title='bbox 470 1223 693 1302; x_wconf 87' lang='lat' dir='ltr'>Paterculum</span> <span class='ocrx_word' id='word_1_69' title='bbox 716 1227 753 1314; x_wconf 72' lang='lat' dir='ltr'>l,</span> <span class='ocrx_word' id='word_1_70' title='bbox 778 1248 944 1324; x_wconf 79' lang='lat' dir='ltr'>nataquam</span> <span class='ocrx_word' id='word_1_71' title='bbox 968 1221 1138 1318; x_wconf 81' lang='lat' dir='ltr'>defuturas</span> <span class='ocrx_word' id='word_1_72' title='bbox 1153 1235 1300 1316; x_wconf 85' lang='lat' dir='ltr'>raptores</span> 
     </span>
     <span class='ocr_line' id='line_1_10' title="bbox 137 1319 1299 1420; baseline -0.003 -26"><span class='ocrx_word' id='word_1_73' title='bbox 137 1319 266 1396; x_wconf 84' lang='lat' dir='ltr'>Italiae</span> <span class='ocrx_word' id='word_1_74' title='bbox 289 1325 452 1396; x_wconf 82' lang='lat' dir='ltr'>libertatis</span> <span class='ocrx_word' id='word_1_75' title='bbox 473 1326 593 1418; x_wconf 85' lang='lat' dir='ltr'>lupas,·</span> <span class='ocrx_word' id='word_1_76' title='bbox 624 1319 687 1415; x_wconf 84' lang='lat' dir='ltr'>aifi</span> <span class='ocrx_word' id='word_1_77' title='bbox 697 1320 824 1420; x_wconf 75' lang='lat' dir='ltr'>sylva,</span> <span class='ocrx_word' id='word_1_78' title='bbox 849 1329 885 1397; x_wconf 87' lang='lat' dir='ltr'>ia</span> <span class='ocrx_word' id='word_1_79' title='bbox 919 1347 994 1396; x_wconf 88' lang='lat' dir='ltr'>uam</span> <span class='ocrx_word' id='word_1_80' title='bbox 1007 1319 1160 1419; x_wconf 82' lang='lat' dir='ltr'>refugere</span> <span class='ocrx_word' id='word_1_81' title='bbox 1165 1319 1299 1416; x_wconf 77' lang='lat' dir='ltr'>firtenr,</span> 
     </span>
     <span class='ocr_line' id='line_1_11' title="bbox 137 1347 1297 1518; baseline -0.004 -25"><span class='ocrx_word' id='word_1_82' title='bbox 137 1415 219 1518; x_wconf 84' lang='lat' dir='ltr'>effet</span> <span class='ocrx_word' id='word_1_83' title='bbox 242 1417 359 1516; x_wconf 80' lang='lat' dir='ltr'>excisa.</span> <span class='ocrx_word' id='word_1_84' title='bbox 408 1421 466 1495; x_wconf 89' lang='lat' dir='ltr'>Sic</span> <span class='ocrx_word' id='word_1_85' title='bbox 487 1421 521 1496; x_wconf 77' lang='grc' dir='ltr'>δι</span> <span class='ocrx_word' id='word_1_86' title='bbox 545 1419 771 1496; x_wconf 89' lang='lat' dir='ltr'>Mithridates</span> <span class='ocrx_word' id='word_1_87' title='bbox 785 1421 877 1516; x_wconf 89' lang='lat' dir='ltr'>apud</span> <span class='ocrx_word' id='word_1_88' title='bbox 891 1347 1067 1514; x_wconf 59' lang='lat' dir='ltr'>fustinum</span> <span class='ocrx_word' id='word_1_89' title='bbox 1085 1439 1112 1495; x_wconf 74' lang='lat' dir='ltr'>r.</span> <span class='ocrx_word' id='word_1_90' title='bbox 1165 1412 1297 1490; x_wconf 88' lang='lat' dir='ltr'>Praesti-</span> 
     </span>
     <span class='ocr_line' id='line_1_12' title="bbox 135 1515 1295 1614; baseline -0.004 -22"><span class='ocrx_word' id='word_1_91' title='bbox 135 1531 270 1594; x_wconf 88' lang='lat' dir='ltr'>terunt</span> <span class='ocrx_word' id='word_1_92' title='bbox 286 1518 412 1614; x_wconf 87' lang='lat' dir='ltr'>utique</span> <span class='ocrx_word' id='word_1_93' title='bbox 433 1517 584 1597; x_wconf 84' lang='lat' dir='ltr'>Rotnani</span> <span class='ocrx_word' id='word_1_94' title='bbox 598 1515 698 1609; x_wconf 89' lang='lat' dir='ltr'>sese,</span> <span class='ocrx_word' id='word_1_95' title='bbox 723 1515 837 1594; x_wconf 87' lang='lat' dir='ltr'>finon</span> <span class='ocrx_word' id='word_1_96' title='bbox 852 1517 1029 1607; x_wconf 86' lang='lat' dir='ltr'>fabulam,</span> <span class='ocrx_word' id='word_1_97' title='bbox 1055 1515 1112 1592; x_wconf 91' lang='lat' dir='ltr'>sed</span> <span class='ocrx_word' id='word_1_98' title='bbox 1129 1535 1204 1590; x_wconf 89' lang='lat' dir='ltr'>rern</span> <span class='ocrx_word' id='word_1_99' title='bbox 1220 1517 1295 1608; x_wconf 81' lang='lat' dir='ltr'>spe·</span> 
     </span>
     <span class='ocr_line' id='line_1_13' title="bbox 134 1611 1293 1714; baseline -0.003 -26"><span class='ocrx_word' id='word_1_100' title='bbox 134 1611 232 1705; x_wconf 70' lang='lat' dir='ltr'>ates,</span> <span class='ocrx_word' id='word_1_101' title='bbox 266 1613 501 1713; x_wconf 76' lang='lat' dir='ltr'>lliartigenas,</span> <span class='ocrx_word' id='word_1_102' title='bbox 532 1619 698 1714; x_wconf 83' lang='lat' dir='ltr'>&amp;lupina</span> <span class='ocrx_word' id='word_1_103' title='bbox 715 1616 802 1692; x_wconf 76' lang='lat' dir='ltr'>luite</span> <span class='ocrx_word' id='word_1_104' title='bbox 825 1617 1000 1706; x_wconf 87' lang='lat' dir='ltr'>nutritos,</span> <span class='ocrx_word' id='word_1_105' title='bbox 1034 1615 1093 1709; x_wconf 92' lang='lat' dir='ltr'>qui</span> <span class='ocrx_word' id='word_1_106' title='bbox 1118 1617 1293 1688; x_wconf 82' lang='lat' dir='ltr'>vultarum</span> 
     </span>
     <span class='ocr_line' id='line_1_14' title="bbox 134 1707 1292 1813; baseline -0.002 -27"><span class='ocrx_word' id='word_1_107' title='bbox 134 1711 292 1812; x_wconf 85' lang='lat' dir='ltr'>augurio</span> <span class='ocrx_word' id='word_1_108' title='bbox 310 1717 436 1790; x_wconf 89' lang='lat' dir='ltr'>urbem</span> <span class='ocrx_word' id='word_1_109' title='bbox 456 1715 716 1806; x_wconf 89' lang='lat' dir='ltr'>condiderunt,</span> <span class='ocrx_word' id='word_1_110' title='bbox 741 1711 776 1790; x_wconf 69' lang='grc' dir='ltr'>’ἃ</span> <span class='ocrx_word' id='word_1_111' title='bbox 796 1719 980 1813; x_wconf 80' lang='lat' dir='ltr'>aquilarum</span> <span class='ocrx_word' id='word_1_112' title='bbox 1000 1711 1096 1812; x_wconf 88' lang='lat' dir='ltr'>ligno</span> <span class='ocrx_word' id='word_1_113' title='bbox 1118 1711 1169 1785; x_wconf 81' lang='lat' dir='ltr'>ub</span> <span class='ocrx_word' id='word_1_114' title='bbox 1188 1707 1292 1802; x_wconf 86' lang='lat' dir='ltr'>sunt,</span> 
     </span>
     <span class='ocr_line' id='line_1_15' title="bbox 132 1810 1292 1912; baseline -0.005 -26"><span class='ocrx_word' id='word_1_115' title='bbox 132 1813 267 1887; x_wconf 88' lang='lat' dir='ltr'>urbem</span> <span class='ocrx_word' id='word_1_116' title='bbox 291 1810 327 1886; x_wconf 90' lang='lat' dir='ltr'>in</span> <span class='ocrx_word' id='word_1_117' title='bbox 347 1813 556 1907; x_wconf 87' lang='lat' dir='ltr'>parricidio,</span> <span class='ocrx_word' id='word_1_118' title='bbox 581 1814 615 1887; x_wconf 70' lang='grc' dir='ltr'><strong>ἃ</strong></span> <span class='ocrx_word' id='word_1_119' title='bbox 636 1814 710 1906; x_wconf 71' lang='lat' dir='ltr'>eius</span> <span class='ocrx_word' id='word_1_120' title='bbox 727 1813 1019 1912; x_wconf 84' lang='lat' dir='ltr'>propagationem</span> <span class='ocrx_word' id='word_1_121' title='bbox 1039 1815 1077 1886; x_wconf 89' lang='lat' dir='ltr'>in</span> <span class='ocrx_word' id='word_1_122' title='bbox 1096 1823 1199 1906; x_wconf 89' lang='lat' dir='ltr'>raptu</span> <span class='ocrx_word' id='word_1_123' title='bbox 1216 1829 1292 1881; x_wconf 86' lang='lat' dir='ltr'>mu·</span> 
     </span>
     <span class='ocr_line' id='line_1_16' title="bbox 131 1904 1290 2006; baseline -0.005 -24"><span class='ocrx_word' id='word_1_124' title='bbox 131 1907 267 1984; x_wconf 89' lang='lat' dir='ltr'>lierum</span> <span class='ocrx_word' id='word_1_125' title='bbox 290 1908 496 1989; x_wconf 84' lang='lat' dir='ltr'>fundarunt.</span> <span class='ocrx_word' id='word_1_126' title='bbox 556 1912 752 2000; x_wconf 82' lang='lat' dir='ltr'>Praeterea,</span> <span class='ocrx_word' id='word_1_127' title='bbox 786 1913 848 2006; x_wconf 90' lang='lat' dir='ltr'>qui</span> <span class='ocrx_word' id='word_1_128' title='bbox 868 1933 995 1988; x_wconf 88' lang='lat' dir='ltr'>eorum</span> <span class='ocrx_word' id='word_1_129' title='bbox 1010 1907 1186 1984; x_wconf 75' lang='lat' dir='ltr'>charatter</span> <span class='ocrx_word' id='word_1_130' title='bbox 1201 1904 1290 1993; x_wconf 86' lang='lat' dir='ltr'>fuit,</span> 
     </span>
     <span class='ocr_line' id='line_1_17' title="bbox 132 2001 1289 2110; baseline -0.003 -30"><span class='ocrx_word' id='word_1_131' title='bbox 132 2003 290 2102; x_wconf 82' lang='lat' dir='ltr'>Polybio</span> <span class='ocrx_word' id='word_1_132' title='bbox 309 2023 330 2084; x_wconf 79' lang='lat' dir='ltr'>a</span> <span class='ocrx_word' id='word_1_133' title='bbox 350 2011 388 2084; x_wconf 91' lang='lat' dir='ltr'>in</span> <span class='ocrx_word' id='word_1_134' title='bbox 410 2010 571 2110; x_wconf 84' lang='lat' dir='ltr'>elegante</span> <span class='ocrx_word' id='word_1_135' title='bbox 588 2007 742 2086; x_wconf 81' lang='lat' dir='ltr'>excursu</span> <span class='ocrx_word' id='word_1_136' title='bbox 758 2027 923 2098; x_wconf 86' lang='lat' dir='ltr'>notatus,</span> <span class='ocrx_word' id='word_1_137' title='bbox 942 2005 1072 2086; x_wconf 72' lang='lat' dir='ltr'>aabo‘aa</span> <span class='ocrx_word' id='word_1_138' title='bbox 1089 2003 1164 2105; x_wconf 71' lang='lat' dir='ltr'>agir</span> <span class='ocrx_word' id='word_1_139' title='bbox 1180 2001 1289 2078; x_wconf 71' lang='lat' dir='ltr'>ariera</span> 
     </span>
     <span class='ocr_line' id='line_1_18' title="bbox 132 2095 1289 2206; baseline -0.002 -30"><span class='ocrx_word' id='word_1_140' title='bbox 132 2101 285 2200; x_wconf 60' lang='lat' dir='ltr'>gpalplat</span> <span class='ocrx_word' id='word_1_141' title='bbox 302 2118 343 2206; x_wconf 68' lang='grc' dir='ltr'>τῇ</span> <span class='ocrx_word' id='word_1_142' title='bbox 357 2109 416 2195; x_wconf 64' lang='grc' dir='ltr'>βίω</span> <span class='ocrx_word' id='word_1_143' title='bbox 431 2113 467 2180; x_wconf 84' lang='lat' dir='ltr'>in</span> <span class='ocrx_word' id='word_1_144' title='bbox 481 2109 670 2202; x_wconf 64' lang='lat' dir='ltr'>antuerpiam</span> <span class='ocrx_word' id='word_1_145' title='bbox 685 2107 727 2180; x_wconf 80' lang='lat' dir='ltr'>ad</span> <span class='ocrx_word' id='word_1_146' title='bbox 741 2115 847 2184; x_wconf 85' lang='lat' dir='ltr'>amaia</span> <span class='ocrx_word' id='word_1_147' title='bbox 861 2111 1023 2183; x_wconf 85' lang='lat' dir='ltr'>violentia</span> <span class='ocrx_word' id='word_1_148' title='bbox 1037 2095 1106 2198; x_wconf 83' lang='lat' dir='ltr'>ufi,</span> <span class='ocrx_word' id='word_1_149' title='bbox 1133 2123 1197 2198; x_wconf 86' lang='lat' dir='ltr'>per</span> <span class='ocrx_word' id='word_1_150' title='bbox 1211 2121 1289 2174; x_wconf 85' lang='lat' dir='ltr'>om·</span> 
     </span>
     <span class='ocr_line' id='line_1_19' title="bbox 130 2197 1289 2300; baseline -0.005 -27"><span class='ocrx_word' id='word_1_151' title='bbox 130 2203 193 2273; x_wconf 87' lang='lat' dir='ltr'>nia</span> <span class='ocrx_word' id='word_1_152' title='bbox 213 2203 354 2296; x_wconf 71' lang='lat' dir='ltr'>projesta</span> <span class='ocrx_word' id='word_1_153' title='bbox 376 2206 513 2278; x_wconf 79' lang='lat' dir='ltr'>audacia</span> <span class='ocrx_word' id='word_1_154' title='bbox 530 2221 735 2300; x_wconf 83' lang='lat' dir='ltr'>perrumpere</span> <span class='ocrx_word' id='word_1_155' title='bbox 753 2203 924 2280; x_wconf 86' lang='lat' dir='ltr'>solebant.</span> <span class='ocrx_word' id='word_1_156' title='bbox 974 2201 1071 2298; x_wconf 89' lang='lat' dir='ltr'>Quid</span> <span class='ocrx_word' id='word_1_157' title='bbox 1091 2203 1210 2294; x_wconf 89' lang='lat' dir='ltr'>itaque</span> <span class='ocrx_word' id='word_1_158' title='bbox 1226 2197 1289 2268; x_wconf 85' lang='lat' dir='ltr'>in.</span> 
     </span>
     <span class='ocr_line' id='line_1_20' title="bbox 129 2293 1286 2392; baseline -0.004 -24"><span class='ocrx_word' id='word_1_159' title='bbox 129 2295 257 2390; x_wconf 87' lang='lat' dir='ltr'>pedit,</span> <span class='ocrx_word' id='word_1_160' title='bbox 289 2301 477 2390; x_wconf 88' lang='lat' dir='ltr'>quominus</span> <span class='ocrx_word' id='word_1_161' title='bbox 500 2300 731 2374; x_wconf 62' lang='lat' dir='ltr'>mnne-stne</span> <span class='ocrx_word' id='word_1_162' title='bbox 748 2295 1053 2392; x_wconf 77' lang='lat' dir='ltr'>fartae,&#39;feraces,</span> <span class='ocrx_word' id='word_1_163' title='bbox 1087 2297 1121 2372; x_wconf 72' lang='grc' dir='ltr'>δι</span> <span class='ocrx_word' id='word_1_164' title='bbox 1149 2293 1286 2390; x_wconf 82' lang='lat' dir='ltr'>origine</span> 
     </span>
     <span class='ocr_line' id='line_1_21' title="bbox 129 2390 1286 2490; baseline -0.003 -24"><span class='ocrx_word' id='word_1_165' title='bbox 129 2391 194 2467; x_wconf 89' lang='lat' dir='ltr'>sua</span> <span class='ocrx_word' id='word_1_166' title='bbox 204 2393 341 2488; x_wconf 73' lang='lat' dir='ltr'>sceatta</span> <span class='ocrx_word' id='word_1_167' title='bbox 354 2418 396 2472; x_wconf 85' lang='lat' dir='ltr'>ac</span> <span class='ocrx_word' id='word_1_168' title='bbox 411 2396 652 2484; x_wconf 84' lang='lat' dir='ltr'>latrocinales,</span> <span class='ocrx_word' id='word_1_169' title='bbox 680 2393 811 2490; x_wconf 83' lang='lat' dir='ltr'>Cirtai,</span> <span class='ocrx_word' id='word_1_170' title='bbox 832 2412 950 2470; x_wconf 84' lang='lat' dir='ltr'>aut-aa</span> <span class='ocrx_word' id='word_1_171' title='bbox 967 2391 1118 2480; x_wconf 84' lang='lat' dir='ltr'>Cittais,</span> <span class='ocrx_word' id='word_1_172' title='bbox 1144 2391 1204 2483; x_wconf 91' lang='lat' dir='ltr'>qui</span> <span class='ocrx_word' id='word_1_173' title='bbox 1218 2390 1286 2464; x_wconf 88' lang='lat' dir='ltr'>lta·</span> 
     </span>
     <span class='ocr_line' id='line_1_22' title="bbox 128 2491 1205 2588; baseline 0.007 -25"><span class='ocrx_word' id='word_1_174' title='bbox 128 2491 239 2566; x_wconf 89' lang='lat' dir='ltr'>losin</span> <span class='ocrx_word' id='word_1_175' title='bbox 279 2491 565 2588; x_wconf 75' lang='lat' dir='ltr'>enerefignant2</span> <span class='ocrx_word' id='word_1_176' title='bbox 1202 2525 1205 2534; x_wconf 60' lang='lat'>¹</span> 
     </span>
    </p>

    <p class='ocr_par' dir='ltr' id='par_1_4' title="bbox 119 2514 1361 3840">
     <span class='ocr_line' id='line_1_23' title="bbox 175 2514 1284 2692; baseline -0.006 -30"><span class='ocrx_word' id='word_1_177' title='bbox 175 2591 213 2679; x_wconf 70' lang='lat'>§-</span> <span class='ocrx_word' id='word_1_178' title='bbox 228 2514 388 2668; x_wconf 68' lang='lat' dir='ltr'>cith.</span> <span class='ocrx_word' id='word_1_179' title='bbox 412 2589 650 2692; x_wconf 69' lang='lat' dir='ltr'>Quocunquev</span> <span class='ocrx_word' id='word_1_180' title='bbox 660 2591 771 2670; x_wconf 87' lang='lat' dir='ltr'>modo</span> <span class='ocrx_word' id='word_1_181' title='bbox 791 2591 971 2682; x_wconf 86' lang='lat' dir='ltr'>sumatur,</span> <span class='ocrx_word' id='word_1_182' title='bbox 1000 2623 1002 2626; x_wconf 95' lang='lat'>·</span> <span class='ocrx_word' id='word_1_183' title='bbox 1027 2585 1098 2663; x_wconf 92' lang='lat' dir='ltr'>uod</span> <span class='ocrx_word' id='word_1_184' title='bbox 1112 2581 1284 2679; x_wconf 71' lang='lat' dir='ltr'>cuiusque</span> 
     </span>
     <span class='ocr_line' id='line_1_24' title="bbox 125 2611 1303 2786; baseline -0.003 -28"><span class='ocrx_word' id='word_1_185' title='bbox 125 2683 278 2763; x_wconf 88' lang='lat' dir='ltr'>arbitrio</span> <span class='ocrx_word' id='word_1_186' title='bbox 302 2687 463 2766; x_wconf 73' lang='lat' dir='ltr'>relielum</span> <span class='ocrx_word' id='word_1_187' title='bbox 486 2689 621 2779; x_wconf 89' lang='lat' dir='ltr'>velim,</span> <span class='ocrx_word' id='word_1_188' title='bbox 663 2689 826 2768; x_wconf 85' lang='lat' dir='ltr'>Romanas</span> <span class='ocrx_word' id='word_1_189' title='bbox 847 2692 905 2766; x_wconf 87' lang='lat' dir='ltr'>hic</span> <span class='ocrx_word' id='word_1_190' title='bbox 925 2611 1092 2786; x_wconf 55' lang='lat' dir='ltr'>aptiffime</span> <span class='ocrx_word' id='word_1_191' title='bbox 1116 2681 1303 2781; x_wconf 73' lang='lat' dir='ltr'>defignari</span> 
     </span>
     <span class='ocr_line' id='line_1_25' title="bbox 126 2779 1361 2884; baseline -0.007 -24"><span class='ocrx_word' id='word_1_192' title='bbox 126 2785 296 2880; x_wconf 85' lang='lat' dir='ltr'>adparet,</span> <span class='ocrx_word' id='word_1_193' title='bbox 319 2789 415 2884; x_wconf 89' lang='lat' dir='ltr'>quod</span> <span class='ocrx_word' id='word_1_194' title='bbox 435 2787 520 2863; x_wconf 90' lang='lat' dir='ltr'>mihi</span> <span class='ocrx_word' id='word_1_195' title='bbox 535 2808 632 2862; x_wconf 91' lang='lat' dir='ltr'>nunc</span> <span class='ocrx_word' id='word_1_196' title='bbox 645 2787 782 2866; x_wconf 88' lang='lat' dir='ltr'>sufficit.</span> <span class='ocrx_word' id='word_1_197' title='bbox 832 2790 902 2866; x_wconf 89' lang='lat' dir='ltr'>Sed</span> <span class='ocrx_word' id='word_1_198' title='bbox 920 2809 1025 2883; x_wconf 86' lang='lat' dir='ltr'>quem</span> <span class='ocrx_word' id='word_1_199' title='bbox 1041 2779 1208 2859; x_wconf 73' lang='lat' dir='ltr'>effeilurn</span> <span class='ocrx_word' id='word_1_200' title='bbox 1225 2779 1282 2852; x_wconf 88' lang='lat' dir='ltr'>ha·</span> <span class='ocrx_word' id='word_1_201' title='bbox 1357 2819 1361 2828; x_wconf 90' lang='lat'><em>·</em></span> 
     </span>
     <span class='ocr_line' id='line_1_26' title="bbox 125 2878 1281 2988; baseline -0.003 -32"><span class='ocrx_word' id='word_1_202' title='bbox 125 2883 377 2980; x_wconf 80' lang='lat' dir='ltr'>barateorum</span> <span class='ocrx_word' id='word_1_203' title='bbox 399 2886 574 2964; x_wconf 89' lang='lat' dir='ltr'>adventus</span> <span class='ocrx_word' id='word_1_204' title='bbox 596 2884 632 2962; x_wconf 89' lang='lat' dir='ltr'>in</span> <span class='ocrx_word' id='word_1_205' title='bbox 655 2889 860 2988; x_wconf 88' lang='lat' dir='ltr'>Aegyptum</span> <span class='ocrx_word' id='word_1_206' title='bbox 874 2889 912 2966; x_wconf 93' lang='lat' dir='ltr'>in</span> <span class='ocrx_word' id='word_1_207' title='bbox 929 2885 1113 2970; x_wconf 85' lang='lat' dir='ltr'>Antiocho</span> <span class='ocrx_word' id='word_1_208' title='bbox 1129 2878 1281 2976; x_wconf 83' lang='lat' dir='ltr'>Epipha-</span> 
     </span>
     <span class='ocr_line' id='line_1_27' title="bbox 125 2975 1281 3084; baseline -0.007 -28"><span class='ocrx_word' id='word_1_209' title='bbox 125 2981 200 3056; x_wconf 79' lang='lat' dir='ltr'>net</span> <span class='ocrx_word' id='word_1_210' title='bbox 235 2981 278 3064; x_wconf 55' lang='grc' dir='ltr'>ἐξ</span> <span class='ocrx_word' id='word_1_211' title='bbox 301 2988 521 3074; x_wconf 77' lang='lat' dir='ltr'>hebetatam,</span> <span class='ocrx_word' id='word_1_212' title='bbox 559 2985 677 3080; x_wconf 87' lang='lat' dir='ltr'>inquit</span> <span class='ocrx_word' id='word_1_213' title='bbox 698 2985 910 3084; x_wconf 84' lang='lat' dir='ltr'>prophetia,</span> <span class='ocrx_word' id='word_1_214' title='bbox 939 2983 1140 3079; x_wconf 88' lang='lat' dir='ltr'>emphatice</span> <span class='ocrx_word' id='word_1_215' title='bbox 1161 2975 1249 3073; x_wconf 85' lang='lat' dir='ltr'>prof</span> <span class='ocrx_word' id='word_1_216' title='bbox 1269 3009 1281 3025; x_wconf 94' lang='lat'>·</span> 
     </span>
     <span class='ocr_line' id='line_1_28' title="bbox 126 3075 1279 3193; baseline 0 -43"><span class='ocrx_word' id='word_1_217' title='bbox 126 3075 208 3165; x_wconf 84' lang='lat' dir='ltr'>oo,</span> <span class='ocrx_word' id='word_1_218' title='bbox 235 3079 558 3155; x_wconf 82' lang='lat' dir='ltr'>&amp;accuratiffime&#39;l</span> <span class='ocrx_word' id='word_1_219' title='bbox 585 3079 755 3174; x_wconf 84' lang='lat' dir='ltr'>Radices,</span> <span class='ocrx_word' id='word_1_220' title='bbox 782 3111 868 3172; x_wconf 70' lang='lat' dir='ltr'>naa,</span> <span class='ocrx_word' id='word_1_221' title='bbox 896 3109 960 3166; x_wconf 75' lang='lat' dir='ltr'>nro</span> <span class='ocrx_word' id='word_1_222' title='bbox 976 3080 1014 3154; x_wconf 74' lang='lat' dir='ltr'>a</span> <span class='ocrx_word' id='word_1_223' title='bbox 1040 3109 1123 3193; x_wconf 74' lang='lat' dir='ltr'>nnp,</span> <span class='ocrx_word' id='word_1_224' title='bbox 1150 3076 1279 3150; x_wconf 81' lang='lat' dir='ltr'>vicina</span> 
     </span>
     <span class='ocr_line' id='line_1_29' title="bbox 125 3171 1280 3274; baseline -0.001 -29"><span class='ocrx_word' id='word_1_225' title='bbox 125 3171 338 3268; x_wconf 74' lang='lat' dir='ltr'>&amp;eiusdem</span> <span class='ocrx_word' id='word_1_226' title='bbox 360 3177 527 3274; x_wconf 88' lang='lat' dir='ltr'>originis,</span> <span class='ocrx_word' id='word_1_227' title='bbox 557 3176 762 3274; x_wconf 79' lang='lat' dir='ltr'>helesceaa&#39;a&#39;,</span> <span class='ocrx_word' id='word_1_228' title='bbox 799 3183 848 3254; x_wconf 91' lang='lat' dir='ltr'>uti</span> <span class='ocrx_word' id='word_1_229' title='bbox 872 3179 967 3253; x_wconf 73' lang='lat' dir='ltr'>reete</span> <span class='ocrx_word' id='word_1_230' title='bbox 988 3177 1183 3270; x_wconf 71' lang='lat' dir='ltr'>Cocceius,</span> <span class='ocrx_word' id='word_1_231' title='bbox 1217 3171 1280 3272; x_wconf 85' lang='lat' dir='ltr'>fig·</span> 
     </span>
     <span class='ocr_line' id='line_1_30' title="bbox 125 3269 1310 3368; baseline -0.007 -18"><span class='ocrx_word' id='word_1_232' title='bbox 125 3269 311 3350; x_wconf 82' lang='lat' dir='ltr'>nificattun</span> <span class='ocrx_word' id='word_1_233' title='bbox 331 3273 492 3361; x_wconf 88' lang='lat' dir='ltr'>habent,</span> <span class='ocrx_word' id='word_1_234' title='bbox 533 3269 613 3359; x_wconf 86' lang='lat' dir='ltr'>sed,</span> <span class='ocrx_word' id='word_1_235' title='bbox 648 3275 743 3368; x_wconf 90' lang='lat' dir='ltr'>quod</span> <span class='ocrx_word' id='word_1_236' title='bbox 767 3275 920 3350; x_wconf 88' lang='lat' dir='ltr'>observo</span> <span class='ocrx_word' id='word_1_237' title='bbox 944 3299 987 3350; x_wconf 86' lang='lat' dir='ltr'>ex</span> <span class='ocrx_word' id='word_1_238' title='bbox 1008 3271 1277 3368; x_wconf 86' lang='lat' dir='ltr'>comparatione</span> <span class='ocrx_word' id='word_1_239' title='bbox 1306 3308 1310 3322; x_wconf 55' lang='grc' dir='ltr'>ι</span> 
     </span>
     <span class='ocr_line' id='line_1_31' title="bbox 125 3368 1277 3466; baseline -0.003 -22"><span class='ocrx_word' id='word_1_240' title='bbox 125 3391 212 3446; x_wconf 83' lang='lat' dir='ltr'>curn</span> <span class='ocrx_word' id='word_1_241' title='bbox 236 3371 397 3448; x_wconf 80' lang='lat' dir='ltr'>Arana</span> <span class='ocrx_word' id='word_1_242' title='bbox 419 3370 545 3445; x_wconf 90' lang='lat' dir='ltr'>vicinis</span> <span class='ocrx_word' id='word_1_243' title='bbox 567 3368 715 3466; x_wconf 85' lang='lat' dir='ltr'>linguis,</span> <span class='ocrx_word' id='word_1_244' title='bbox 739 3375 801 3465; x_wconf 92' lang='lat' dir='ltr'>qui</span> <span class='ocrx_word' id='word_1_245' title='bbox 816 3373 1026 3461; x_wconf 70' lang='lat' dir='ltr'>arandara,</span> <span class='ocrx_word' id='word_1_246' title='bbox 1049 3369 1277 3458; x_wconf 80' lang='lat' dir='ltr'>retundenda,</span> 
     </span>
     <span class='ocr_line' id='line_1_32' title="bbox 127 3463 1275 3564; baseline -0.003 -24"><span class='ocrx_word' id='word_1_247' title='bbox 127 3489 207 3561; x_wconf 79' lang='lat' dir='ltr'>quae</span> <span class='ocrx_word' id='word_1_248' title='bbox 231 3467 374 3564; x_wconf 89' lang='lat' dir='ltr'>propria</span> <span class='ocrx_word' id='word_1_249' title='bbox 395 3467 546 3564; x_wconf 85' lang='lat' dir='ltr'>potestas</span> <span class='ocrx_word' id='word_1_250' title='bbox 567 3463 645 3557; x_wconf 90' lang='lat' dir='ltr'>est,</span> <span class='ocrx_word' id='word_1_251' title='bbox 683 3465 788 3545; x_wconf 78' lang='lat' dir='ltr'>fluxit</span> <span class='ocrx_word' id='word_1_252' title='bbox 852 3467 948 3544; x_wconf 90' lang='lat' dir='ltr'>Hinc</span> <span class='ocrx_word' id='word_1_253' title='bbox 977 3491 1059 3544; x_wconf 90' lang='lat' dir='ltr'>cum</span> <span class='ocrx_word' id='word_1_254' title='bbox 1081 3468 1275 3561; x_wconf 70' lang='lat' dir='ltr'>reprimere,</span> 
     </span>
     <span class='ocr_line' id='line_1_33' title="bbox 123 3559 1277 3737; baseline -0.005 -99"><span class='ocrx_word' id='word_1_255' title='bbox 123 3563 247 3642; x_wconf 88' lang='lat' dir='ltr'>vim&amp;</span> <span class='ocrx_word' id='word_1_256' title='bbox 264 3568 438 3662; x_wconf 89' lang='lat' dir='ltr'>impetum</span> <span class='ocrx_word' id='word_1_257' title='bbox 457 3565 638 3737; x_wconf 70' lang='lat' dir='ltr'>frangere,</span> <span class='ocrx_word' id='word_1_258' title='bbox 666 3582 743 3643; x_wconf 87' lang='lat' dir='ltr'>tum</span> <span class='ocrx_word' id='word_1_259' title='bbox 760 3563 1014 3662; x_wconf 77' lang='lat' dir='ltr'>obstupefacere,</span> <span class='ocrx_word' id='word_1_260' title='bbox 1038 3581 1205 3642; x_wconf 87' lang='lat' dir='ltr'>moerore</span> <span class='ocrx_word' id='word_1_261' title='bbox 1219 3559 1277 3635; x_wconf 87' lang='lat' dir='ltr'>ad-</span> 
     </span>
     <span class='ocr_line' id='line_1_34' title="bbox 119 3659 1273 3840; baseline 0 -102"><span class='ocrx_word' id='word_1_262' title='bbox 119 3663 268 3764; x_wconf 84' lang='lat' dir='ltr'>fligere,</span> <span class='ocrx_word' id='word_1_263' title='bbox 296 3665 487 3757; x_wconf 84' lang='lat' dir='ltr'>&amp;fimilia,</span> <span class='ocrx_word' id='word_1_264' title='bbox 511 3684 575 3740; x_wconf 89' lang='lat' dir='ltr'>uu</span> <span class='ocrx_word' id='word_1_265' title='bbox 600 3663 808 3840; x_wconf 48' lang='lat' dir='ltr'>suo’pffid</span> <span class='ocrx_word' id='word_1_266' title='bbox 829 3665 1035 3744; x_wconf 87' lang='lat' dir='ltr'>facillimum</span> <span class='ocrx_word' id='word_1_267' title='bbox 1060 3661 1111 3738; x_wconf 85' lang='lat' dir='ltr'>est</span> <span class='ocrx_word' id='word_1_268' title='bbox 1125 3711 1138 3755; x_wconf 91' lang='lat'>,</span> <span class='ocrx_word' id='word_1_269' title='bbox 1163 3659 1273 3738; x_wconf 90' lang='lat' dir='ltr'>deno·</span> 
     </span>
    </p>

    <p class='ocr_par' dir='ltr' id='par_1_5' title="bbox 1210 3776 1318 3850">
     <span class='ocr_line' id='line_1_35' title="bbox 1210 3776 1318 3850; baseline 0.009 -9"><span class='ocrx_word' id='word_1_270' title='bbox 1210 3776 1318 3850; x_wconf 51' lang='grc' dir='ltr'>Μ’</span> 
     </span>
    </p>
   </div>
   <div class='ocr_carea' id='block_1_3' title="bbox 100 3861 1100 4068">
    <p class='ocr_par' dir='ltr' id='par_1_6' title="bbox 100 3861 1100 4068">
     <span class='ocr_line' id='line_1_36' title="bbox 161 3861 1100 3990; baseline 0.01 -22"><span class='ocrx_word' id='word_1_271' title='bbox 161 3928 181 3968; x_wconf 88' lang='lat' dir='ltr'>a</span> <span class='ocrx_word' id='word_1_272' title='bbox 202 3911 271 3986; x_wconf 83' lang='lat' dir='ltr'>Leg.</span> <span class='ocrx_word' id='word_1_273' title='bbox 293 3925 342 3981; x_wconf 80' lang='lat'>92.</span> <span class='ocrx_word' id='word_1_274' title='bbox 434 3861 460 3970; x_wconf 36' lang='lat' dir='ltr'>&#39;b</span> <span class='ocrx_word' id='word_1_275' title='bbox 482 3908 500 3968; x_wconf 87' lang='lat' dir='ltr'>l.</span> <span class='ocrx_word' id='word_1_276' title='bbox 525 3923 565 3974; x_wconf 90' lang='lat'>11.</span> <span class='ocrx_word' id='word_1_277' title='bbox 586 3927 611 3976; x_wconf 87' lang='lat' dir='ltr'>c.</span> <span class='ocrx_word' id='word_1_278' title='bbox 634 3925 682 3990; x_wconf 76' lang='lat'>27.</span> <span class='ocrx_word' id='word_1_279' title='bbox 788 3885 845 3975; x_wconf 54' lang='lat' dir='ltr'>el,</span> <span class='ocrx_word' id='word_1_280' title='bbox 864 3929 1002 3984; x_wconf 75' lang='lat' dir='ltr'>mutat:</span> <span class='ocrx_word' id='word_1_281' title='bbox 1024 3931 1048 3978; x_wconf 88' lang='lat' dir='ltr'>c.</span> <span class='ocrx_word' id='word_1_282' title='bbox 1071 3921 1100 3978; x_wconf 77' lang='lat'>6.</span> 
     </span>
     <span class='ocr_line' id='line_1_37' title="bbox 100 3987 486 4068; baseline -0.005 -18"><span class='ocrx_word' id='word_1_283' title='bbox 100 3987 486 4068; x_wconf 50' lang='lat' dir='ltr'>‘fflfflmpw</span> 
     </span>
    </p>
   </div>
   <div class='ocr_carea' id='block_1_4' title="bbox 0 0 1698 4744">
    <p class='ocr_par' dir='ltr' id='par_1_7' title="bbox 0 0 1698 4744">
     <span class='ocr_line' id='line_1_38' title="bbox 0 0 1698 4744; baseline 0 11"><span class='ocrx_word' id='word_1_284' title='bbox 0 0 1698 4744; x_wconf 95' lang='lat' dir='ltr'> </span> 
     </span>
    </p>
   </div>
  </div>
 </body>
</html>
