3494 4802
306 371 310 376 ’
394 408 461 505 198
559 385 1382 486 nassnauauaoues

399 587 498 680 sem,
523 585 626 660 sures
651 605 727 662 non
748 579 834 656 esset
856 580 892 654 in
910 577 1036 674 uulgus
1051 590 1150 652 nota.
1184 573 1384 650 ,Enimvero
1399 569 1553 650 Macedo·
1599 609 1601 613 ·

399 711 485 774 nes,
523 686 640 775 inquit
670 681 791 774 Polyb.
820 700 875 752 1v:
901 699 934 751 2.
961 681 996 748 iu
1020 682 1087 748 acie
1106 671 1312 770 probatiffimi
1326 670 1556 768 fortiffimique

401 789 525 858 miuus
543 779 633 872 sunt.
682 777 845 852 Fuerunt
860 793 1000 868 quoque
1017 771 1095 866 ipsu
1110 769 1246 846 adfidua
1262 772 1453 842 certamina
1468 791 1555 846 cum
1590 835 1596 850 .

402 880 603 960 Thracibus
633 873 834 970 &illyriis‚
867 894 999 968 quorum
1028 875 1148 954 arnus,
1186 885 1227 942 ut
1255 865 1489 959 Justin.v11:
1518 889 1553 957 3.

405 979 474 1066 ait,
500 979 607 1050 ueluti
629 971 813 1069 quotidiam
833 971 983 1042 exercitio
1007 967 1154 1038 indurati
1173 969 1279 1062 gioria
1301 967 1431 1046 bellicae
1447 965 1558 1036 laudis

400 1073 563 1171 finitimus
585 1073 758 1146 terrebant.
808 1065 879 1164 Qui
901 1065 935 1138 δι
956 1063 1036 1138 alibi
1061 1065 1083 1135 Ι.
1109 1085 1160 1136 1x:
1179 1083 1210 1156 3.
1239 1058 1492 1149 Athenienses,
1518 1061 1558 1134 ii.

409 1191 469 1246 cet
488 1167 637 1246 militum
654 1187 805 1242 numero
825 1166 931 1259 longe
946 1157 1172 1255 praestarent,
1198 1155 1339 1251 adfiduis
1355 1161 1446 1231 bellis
1464 1160 1560 1232 indu·
1637 1231 1645 1242 ,

409 1285 484 1344 rata
512 1273 639 1340 uirtute
660 1261 875 1336 Macedonum
890 1253 994 1356 fuiffe
1017 1259 1139 1347 viius,
1171 1257 1289 1332 tradit.
1323 1256 1435 1328 Sic&
1459 1254 1558 1332 Flor.

414 1361 553 1440 11:12.
578 1358 748 1532 Ῐοᾜψηιί
776 1361 885 1454 papuli
916 1356 1035 1452 elogio
1065 1377 1127 1430 eos
1151 1371 1263 1428 ornat.
1327 1351 1412 1426 Erat
1434 1355 1559 1446 utique

412 1463 564 1559 populus
587 1483 633 1552 qu
668 1482 680 1530 1
708 1455 883 1532 incastris
913 1467 1040 1540 natus,
1077 1453 1234 1526 &totus
1260 1453 1429 1538 militaris.
1488 1451 1561 1526 Hie

414 1575 531 1635 tantus
555 1559 692 1644 Herus,
726 1567 831 1628 tantae
858 1551 1000 1623 virtutis
1022 1548 1180 1622 exercitu
1202 1545 1354 1634 einans,
1380 1545 1563 1644 &ipsese-

415 1661 466 1730 lus
494 1677 515 1726 a
539 1654 662 1726 condito
691 1673 771 1722 aeuo
798 1643 1047 1760 inexsuperabili
1074 1649 1205 1742 imperio
1231 1649 1316 1718 orbis
1337 1645 1449 1717 auius
1471 1645 1565 1738 δια,

416 1769 460 1829 ut
479 1751 522 1824 de
545 1747 620 1842 ipio
642 1747 784 1839 Apulei.
805 1765 836 1819 1.
853 1739 970 1829 Flor.,
994 1741 1086 1814 haud
1101 1743 1223 1836 procul
1239 1745 1282 1818 ab
1296 1743 1426 1828 initio,
1450 1742 1564 1836 loquu-

419 1866 504 1936 tur,
529 1844 621 1939 farri
654 1844 761 1916 lineas
787 1840 873 1934 quin
903 1835 1023 1913 exaue
1045 1839 1280 1934 expresserit,
1314 1838 1460 1914 dubium
1487 1861 1567 1935 non

417 1943 482 2020 est.
920 1971 923 1976 ·

415 2045 418 2050 ’
469 2045 502 2130 §.
516 2036 624 2114 XLII.
650 2033 805 2108 Ferreum
826 2033 900 2114 hoc,
912 2033 987 2125 ejus
1003 2053 1152 2129 regnum
1166 2054 1238 2106 non
1255 2030 1325 2115 fuit
1340 2033 1481 2126 quidem
1495 2036 1568 2112 diu,

293 2215 296 2220 .
422 2151 576 2214 aurnum:
606 2133 663 2208 sed
683 2131 769 2206 iilud
794 2154 824 2206 1.
839 2133 941 2206 nobis
956 2151 1031 2204 non
1044 2127 1177 2218 obstat,
1201 2151 1284 2204 cum
1301 2132 1393 2220 quod
1409 2133 1476 2205 tale
1491 2131 1570 2204 fue·

422 2237 490 2324 rit,
516 2231 682 2328 quamdiu
704 2229 906 2306 Alexander
928 2229 965 2300 in
981 2227 1071 2300 vivis
1087 2225 1178 2316 fuit,
1205 2228 1363 2317 adeoque
1380 2227 1571 2306 Alexandri

423 2331 523 2432 regui
546 2333 643 2426 prior
664 2325 829 2428 periodus
853 2325 1012 2412 duravit,
1037 2324 1119 2416 quia
1139 2345 1216 2398 non
1235 2325 1430 2398 durabilitas
1444 2325 1503 2401 sed
1516 2329 1574 2401 du·

424 2437 519 2506 ruies
542 2429 598 2502 hic
616 2443 750 2504 tantum
773 2425 809 2498 in
835 2421 976 2498 censum
993 2421 1115 2508 uenit,
1141 2433 1183 2492 ut
1197 2423 1305 2494 modo
1322 2424 1467 2510 notavi,
1495 2441 1574 2504 tum

426 2525 522 2624 quod
557 2524 668 2618 ipsum
691 2543 841 2617 regnum
865 2522 901 2594 in
923 2515 1175 2592 successoribus
1197 2517 1257 2590 diu
1284 2514 1438 2606 steterit,
1473 2507 1576 2601 &di

427 2626 551 2707 duritie
565 2619 658 2711 ferri
677 2617 807 2708 aliquid
831 2615 1038 2702 retinuerim
1071 2629 1112 2687 ut
1133 2613 1285 2690 mixtura
1301 2615 1385 2689 femi
1409 2617 1523 2691 &luti
1538 2621 1579 2696 in

428 2717 576 2819 pedihus
607 2711 835 2788 demonstrat.
895 2733 927 2785 2.
958 2709 1034 2784 imo
1065 2729 1202 2786 tantum
1222 2711 1346 2803 abest,
1385 2729 1425 2788 ut
1446 2713 1577 2794 nostrae

429 2811 590 2908 opinioni
606 2807 755 2894 officiat,
779 2825 820 2882 ut
836 2809 945 2884 robur
958 2807 1075 2904 potius
1090 2805 1205 2882 addat.
1256 2809 1291 2881 T
1292 2827 1377 2883 anto
1395 2815 1488 2884 enim
1504 2835 1579 2888 ma-

433 2912 485 3008 gis
505 2929 587 2980 cum
608 2903 703 2998 ferro
729 2909 925 2998 comparari
947 2923 1126 2990 meretur,
1153 2905 1249 3000 quod
1272 2905 1472 2982 brevissimo
1486 2923 1576 2984 tem·

432 3027 522 3102 pore
544 3004 643 3096 plura
665 3003 897 3088 contriverim
923 3023 1025 3098 quam
1039 3002 1097 3074 alii
1111 2999 1316 3100 longuino.
1367 3001 1475 3104 Quod
1482 3004 1577 3100 ferri

370 3191 375 3200 ι
434 3103 639 3198 qualitatem
661 3099 798 3193 plenius
822 3095 978 3194 praestat,
1004 3121 1106 3190 quam
1128 3099 1150 3172 fi
1172 3101 1316 3198 longum
1334 3101 1480 3196 spatium
1494 3105 1580 3182 suia·

433 3201 487 3284 set
510 3197 709 3274 insumtum.
760 3195 836 3290 ipse
852 3195 956 3294 igitur
971 3210 1113 3291 parvum
1128 3192 1358 3294 amplisssmum
1377 3197 1512 3295 effecit,
1537 3216 1582 3286 ut

436 3298 553 3372 Valer.
578 3295 673 3368 Max.
699 3315 755 3367 nx:
785 3315 837 3368 ια.
864 3295 1085 3380 verb'uutar,
1112 3317 1451 3370 numerumnunerum
1466 3301 1581 3374 multi·
1648 3353 1652 3360 -

433 3397 547 3486 audine
568 3409 695 3488 operum
708 3389 903 3487 superando.
953 3389 1010 3463 De
1025 3413 1099 3484 quo
1108 3393 1281 3560 floriatur
1296 3395 1387 3486 apud
1406 3393 1505 3471 Curt.
1524 3418 1579 3472 lu:

435 3498 471 3570 6.
494 3515 548 3588 ega
564 3515 611 3564 ma
626 3495 739 3564 metior
751 3513 814 3562 non
826 3495 945 3562 aetatis
952 3485 1081 3584 spatio,
1122 3489 1164 3560 ed
1178 3493 1321 3584 gloriae:
1347 3491 1382 3566 ἃ
1397 3513 1500 3578 mox,
1524 3518 1581 3568 ue.

437 3615 511 3663 rum
533 3612 608 3678 ego,
634 3592 689 3682 qui
711 3610 774 3660 nm
793 3607 892 3660 annos
913 3609 1017 3675 meos,
1044 3584 1102 3658 sed
1124 3585 1277 3658 uiitorins
1291 3611 1443 3676 numam,
1461 3587 1581 3682 stmu-

436 3708 514 3760 ποια
530 3681 689 3772 furtunae
712 3685 786 3754 bene
808 3698 972 3778 computo,
1006 3683 1062 3754 diu
1083 3686 1169 3755 uixi.
1221 3681 1353 3780 Imque,
1392 3701 1433 3758 ut
1458 3689 1579 3763 verbis

437 3779 642 3859 Mamertini
671 3777 714 3850 de
739 3779 880 3870 Juliano
902 3802 978 3873 cap.
1008 3801 1059 3870 ¹4·
1091 3779 1321 3865 concludam,
1352 3783 1581 3878 grandaevum

430 3879 503 3975 jam
517 3881 684 3971 imparium
697 3877 861 3972 uidebitur
874 3879 942 3968 bis,
969 3883 1024 3974 qui
1037 3900 1101 3952 mu
1115 3881 1239 3954 ratione
1256 3880 1399 3972 dierum,
1420 3895 1480 3952 aut
1494 3905 1582 3956 mera·

1453 3973 1576 4072 stum,
