3464 4774
451 439 524 516 704
633 410 1426 496 COMMENTARIUS

455 613 511 670 11:
529 593 563 671 6.
586 595 622 672 ¹&
643 600 758 696 uagitu
776 591 911 692 imeffus
927 591 999 687 Jac.
1021 611 1050 667 ιε
1073 611 1131 669 rr.
1157 605 1376 682 occurrunt,
1404 611 1469 684 pro
1486 593 1613 688 image·-

453 698 638 766 unionibus
662 699 786 782 cordis,
814 694 885 770 five
911 690 1071 784 corfidiis,
1098 707 1136 763 ut
1159 688 1252 762 telle
1278 691 1446 777 Paeana,
1477 693 1510 761 in
1532 694 1614 785 qui.

449 791 532 876 bur,
560 807 713 886 tanquam
731 797 765 863 im
781 797 860 879 via,
887 790 978 862 diues
995 791 1150 861 ambulat.
1189 785 1435 880 Exemplumll
1454 787 1612 863 velimus
1700 799 1701 858 l

298 911 300 921 ⁸
445 887 608 960 -hominis
632 896 667 962 im
678 887 752 980 suis
769 892 845 960 illis
864 883 1027 980 iateffibus
1045 887 1263 969 dominareris,
1288 885 1411 957 oculos
1428 881 1611 960 flebamus
1700 893 1701 930 l

458 984 494 1056 in
515 984 715 1076 Allyrinm,
736 1006 845 1080 quem
868 983 992 1076 Jeiaias
1014 983 1052 1054 in
1075 985 1148 1056 lraec
1166 980 1375 1072 jatbabunda
1399 979 1610 1056 verbalistit

452 1079 665 1173 loquentem
686 1103 717 1160 c.
742 1103 775 1156 x:
801 1085 910 1156 8-·10.
942 1104 985 1152 eo
999 1103 1062 1150 nort
1073 1083 1234 1174 principes
1250 1084 1310 1152 mei
1326 1077 1543 1244 parilerd'unl
1559 1102 1611 1152 re·

450 1181 538 1274 ges?
563 1201 606 1250 an
631 1201 694 1251 non
719 1191 756 1251 ut
780 1178 961 1252 Cartbemls
987 1175 1113 1248 Calue?
1135 1190 1294 1248 rennueret
1308 1176 1440 1270 Arpad
1467 1177 1612 1248 hamat?

450 1298 501 1348 ort
523 1276 860 1360 monumemtum,
887 1273 1064 1346 Samaria?
1088 1273 1345 1368 quemadmodum
1358 1273 1526 1367 prehendit
1542 1294 1613 1345 ma·

449 1394 519 1444 reus
531 1396 600 1446 mea
616 1397 718 1469 regna
732 1377 792 1448 illa
811 1371 924 1444 Nutu
934 1420 946 1460 ,
965 1393 1096 1466 quorum
1112 1370 1196 1442 idola
1212 1367 1437 1464 prudentiore
1449 1366 1527 1462 [unt
1544 1371 1612 1460 ido.

453 1471 498 1543 lis
520 1466 753 1566 Hierosolymo
777 1469 820 1554 Θ
839 1469 1014 1542 Samaria:
1042 1491 1084 1540 an
1099 1489 1182 1552 non,
1199 1465 1287 1560 ficut
1298 1463 1371 1560 feci
1389 1466 1549 1540 Samaria
1562 1465 1610 1550 ἐξ

452 1571 768 1663 venientibusque,
786 1566 835 1660 fic
845 1567 961 1662 fatere
975 1568 1083 1638 licebit
1099 1561 1327 1660 Hierrffolpmoe
1343 1562 1386 1646 &⁹
1400 1567 1491 1636 idolis
1507 1565 1612 1658 ejus?

449 1661 592 1739 Pellem
611 1666 709 1759 plura
728 1667 793 1740 alia
809 1665 1013 1750 hominum,
1034 1661 1095 1736 fibi
1110 1683 1229 1736 rerum
1244 1663 1277 1733 δι
1293 1662 1515 1736 moliminum
1530 1659 1610 1736 suo·
1647 1689 1651 1698 ·

453 1782 537 1838 rum
560 1761 730 1836 succellus
746 1762 893 1855 superba
909 1760 1172 1853 presummat,
1198 1759 1404 1852 &improba
1421 1755 1607 1836 confiden-

456 1857 523 1942 tia,
551 1860 860 1951 promittentium
882 1857 1017 1950 sedqm
1034 1859 1182 1949 turpiter
1200 1854 1376 1948 prostituti
1397 1854 1500 1944 sunt,
1525 1879 1608 1950 pro·

455 1948 551 2023 ferre
567 1955 757 2046 exempla,
774 1954 797 2026 [ι
812 1977 900 2047 opus
916 1953 1024 2030 foret.
1082 1953 1205 2028 Sensus
1221 1953 1337 2047 itaque
1353 1951 1421 2041 est,
1450 1953 1609 2047 Eupato-

451 2069 493 2122 ra
509 2051 686 2144 potentiae
708 2050 796 2138 sua,
822 2050 1066 2144 fortuneque,
1100 2051 1242 2140 nixum,
1269 2071 1450 2144 opumque
1465 2055 1609 2148 Aegyp.

455 2145 609 2239 tiorum,
633 2147 830 2240 Libyorum
853 2149 888 2224 de
908 2147 1176 2238 Culchaeorum‚
1208 2149 1372 2238 avidum,
1399 2146 1470 2221 sese
1484 2171 1609 2228 earum
1700 2245 1701 2250 Ν

402 2321 406 2329 ,
455 2264 528 2339 prae
567 2268 657 2320 uana
692 2244 940 2342 praesumtione
974 2262 1056 2320 ante
1083 2245 1361 2322 existimaturum
1399 2246 1608 2340 dominum,

449 2359 558 2436 quem
581 2345 618 2418 in
639 2342 812 2439 potestate
835 2344 1018 2433 habuerim
1050 2365 1247 2439 eorumque
1269 2343 1305 2418 in
1332 2364 1481 2418 numero
1503 2343 1606 2422 futu·

454 2461 561 2529 rum,
584 2443 665 2536 qui,
692 2457 732 2517 ut
753 2441 919 2534 Polybius
939 2463 1001 2514 eos
1022 2440 1103 2514 alibi
1117 2465 1135 2506 a
1149 2441 1313 2516 describit
1326 2440 1360 2514 de
1373 2440 1608 2542 perstringit,
1700 2478 1701 2492 ¹

449 2537 489 2610 de
504 2535 627 2630 futuro
651 2560 708 2610 eeu
732 2540 769 2612 de
790 2562 825 2611 re
841 2538 912 2634 jem
930 2535 1027 2631 futla
1048 2540 1249 2629 deliberent,
1274 2535 1318 2622 Θ
1348 2537 1528 2636 pemquafi
1541 2566 1608 2616 cer·

452 2647 521 2709 lam
541 2639 737 2732 precipiunt
761 2658 888 2723 eorum,
911 2658 980 2731 que
991 2633 1088 2728 secus
1108 2640 1239 2710 euenire
1256 2649 1297 2732 po
1326 2649 1397 2712 unt.
1453 2635 1606 2735 Reliqua

361 2770 364 2776 ·
450 2729 534 2811 sunt
547 2733 682 2822 facilia,
706 2731 767 2808 seu
784 2729 901 2808 nostra
918 2755 992 2806 non
1007 2731 1165 2830 indigent
1178 2753 1305 2827 operat
1316 2754 1384 2807 nec
1397 2732 1440 2806 de
1457 2737 1605 2834 Aegyp·

449 2829 528 2997 {f}
553 2829 673 2922 Libyis
687 2852 728 2904 ac
748 2828 922 2903 Cuschaeis
943 2830 1000 2901 hic
1017 2831 1117 2908 locus
1130 2828 1181 2905 est
1196 2830 1401 2922 differendi,
1424 2851 1602 2929 metopae

496 3023 529 3110 §.
543 3016 733 3094 CCXXVl.
797 3043 825 3094 a.
847 3020 1051 3100 Succelium
1077 3024 1312 3122 expeditionis
1334 3025 1502 3105 Antiochi
1525 3025 1601 3108 Eu·
1670 3101 1678 3120 ,

397 3109 424 3151 ·‘
447 3116 601 3228 putoris,
634 3117 762 3213 partim
786 3139 911 3195 verum
939 3121 975 3195 in
993 3121 1155 3215 Judaeos,
1189 3125 1312 3220 partim
1335 3123 1599 3225 imaginarium,

447 3233 486 3290 m
507 3213 755 3307 presumtione
774 3212 896 3303 fetum,
922 3219 959 3293 in
981 3221 1177 3317 Aegyptios
1200 3223 1422 3318 populosque
1438 3226 1596 3318 vicinos,

449 3334 531 3388 cum
558 3313 594 3386 in
621 3311 741 3388 lucem
764 3313 964 3406 protulisset
988 3317 1184 3413 Propheta,
1224 3341 1307 3395 mox
1327 3318 1499 3414 aptiffime
1523 3346 1597 3400 om-

447 3411 547 3486 nium
562 3411 805 3502 moliminum,
828 3412 1174 3508 &exspettationum
1189 3416 1265 3509 ejus
1280 3417 1593 3514 disturbationem,

448 3507 619 3604 regisque.
643 3511 949 3602 perturbationem
976 3535 1041 3602 per
1068 3515 1237 3589 malarum
1268 3537 1389 3590 rerum
1419 3521 1593 3610 nuncios,

447 3603 626 3702 subjungit
652 3605 705 3678 his
736 3607 875 3695 verbis,
915 3608 1004 3686 vers.
1027 3631 1085 3701 44.
1115 3609 1166 3684 m
1189 3617 1303 3685 nuncii
1325 3637 1365 3686 ex
1388 3611 1526 3688 Oriente
1549 3615 1594 3699 δ’

344 3743 347 3752 =
447 3700 671 3799 Septembrium
694 3716 816 3776 terrore
835 3701 938 3794 ipsum
958 3714 1157 3805 precipitem
1178 3725 1289 3804 agent.
1373 3731 1502 3786 uorum
1520 3713 1593 3789 sen·

444 3797 521 3892 sus,
552 3800 686 3877 nemini
713 3821 784 3876 non
805 3803 954 3897 obvius,
994 3802 1064 3899 esta
1100 3827 1242 3908 regem,
1268 3805 1326 3904 qui
1369 3807 1488 3884 udaeos
1510 3809 1587 3884 fere

436 4009 440 4016 Ι
1479 3904 1591 4004 subja

477 4017 591 4082 eliist.
612 4020 632 4083 t
656 4037 701 4084 ιτ.
722 4039 751 4102 p.
774 4035 841 4092 129.
