3456 4784
440 416 514 542 ere
608 402 1439 549 corrmretrrhnrus

442 633 531 732 fjrrr,
557 649 597 709 ut
618 632 810 724 debuissem
837 656 906 708 nec
925 633 1048 707 'faciles
1073 631 1236 706 admittat
1264 635 1486 726 explicatus,
1517 639 1606 734 quill

442 755 507 827 per
528 737 692 806 brachium
718 734 988 828 intelligendum
1012 730 1080 803 stt?
1105 731 1256 804 maxime
1278 755 1360 804 cum
1375 758 1458 808 mox
1474 757 1605 810 recur-

441 847 495 903 rat
517 831 681 902 bruelium
704 833 782 924 ejzrs.
833 829 976 904 Reitius
996 831 1117 920 itaque
1136 829 1178 899 de
1202 829 1371 902 Berenice
1388 832 1604 928 interpreta-

440 951 540 1016 mur,
580 949 656 1020 quae
690 941 838 1022 negatur
870 934 939 998 aim
963 929 1086 998 bruchii
1102 923 1282 1019 strictura,
1315 927 1376 1000 seu
1396 929 1603 1023 exsertura,

442 1045 614 1116 quatenus
644 1025 833 1097 autoritate
863 1021 1106 1118 potestateque
1134 1019 1259 1096 statum
1288 1021 1386 1098 suum
1410 1023 1601 1118 firmandi,

321 1119 331 1173 ἓ
439 1119 677 1209 (laodicium,
712 1117 976 1222 propterquod
1000 1118 1212 1208 missaerat,
1247 1117 1418 1210 faciendi,
1452 1127 1602 1200 orbare·

439 1234 510 1292 tur.
561 1218 722 1292 Verbum
749 1245 807 1305 narr
821 1220 964 1312 proprie
979 1216 1029 1290 est
1036 1214 1200 1313 stringere
1215 1239 1285 1288 cum
1296 1217 1465 1312 preffione,
1494 1225 1531 1297 dc
1550 1226 1601 1297 in·

439 1318 509 1404 de,
536 1317 628 1389 inter
652 1317 735 1400 alia,
762 1315 924 1410 exserere,
952 1321 1150 1409 exprimere,
1184 1331 1223 1388 ut
1240 1313 1317 1386 Lat.
1340 1315 1516 1414 stringere
1539 1343 1598 1396 en·

434 1411 534 1503 sem,
559 1413 730 1510 stringere
753 1413 892 1502 succus,
920 1411 1125 1507 &stringere
1140 1416 1249 1498 uires,
1276 1429 1315 1484 ut
1329 1411 1386 1484 hic
1405 1415 1439 1486 dc
1455 1417 1538 1490 alibi
1553 1461 1593 1507 a,

439 1511 484 1582 de
507 1534 573 1600 eo,
600 1512 660 1604 qui
683 1512 836 1601 robore,
862 1534 902 1583 ae
925 1515 1049 1608 vigore
1068 1509 1180 1602 pollet
1200 1509 1242 1581 ad
1260 1509 1341 1601 quid
1357 1509 1593 1589 efficiendum.

438 1607 544 1682 Vires
568 1631 655 1682 vero
677 1611 800 1680 brucbr'r'
815 1609 1004 1694 dicuntur,
1032 1608 1112 1699 quia
1127 1629 1172 1678 eo
1189 1607 1231 1678 ad
1246 1605 1329 1698 qpid
1344 1611 1539 1704 agendum,
1559 1611 1593 1684 dc

438 1729 506 1780 nos
526 1705 814 1792 defendendum,
840 1707 892 1776 uti
908 1705 1068 1777 solemus.
1093 1703 1104 1720 '
1120 1701 1229 1799 Quod
1246 1701 1297 1774 est
1314 1705 1348 1776 io
1365 1705 1470 1780 facili.
1497 1709 1591 1782 Hine

440 1809 498 1874 uir
521 1806 644 1874 brachii
664 1805 679 1860 1²
697 1801 767 1890 est,
794 1802 953 1895 potentia
968 1823 1008 1873 ac
1023 1797 1229 1873 authoritate
1248 1801 1389 1890 valens,
1413 1804 1587 1876 &brechia

439 1903 613 1998 impierum
641 1919 803 1972 reorum
819 1919 913 1992 opes
937 1899 969 1970 δι
986 1899 1189 1991 potentiam
1210 1899 1369 1995 pingunt.
1418 1899 1476 1974 Ne
1488 1901 1585 1996 plura

440 1997 478 2070 in
497 2017 535 2069 re
552 1995 646 2068 facili
663 1995 857 2089 proferam.

491 2097 522 2184 §.
547 2092 590 2168 X.
622 2093 795 2187 Sedque
817 2095 919 2188 hujus
945 2091 1213 2184 inbecillitatis,
1247 2095 1514 2192 imminereque
1529 2121 1587 2194 po·

440 2193 562 2266 tentiae
589 2191 680 2266 ratio
711 2191 837 2265 foret?
869 2213 946 2266 eam
971 2209 1156 2286 exponunt
1182 2191 1361 2285 sequentia
1382 2200 1509 2287 verba,
1547 2195 1611 2287 ad,

440 2289 663 2365 Antiochum
687 2289 962 2375 referendae&
982 2315 1045 2364 uon
1066 2287 1231 2382 rorrststet,
1267 2289 1310 2374 ἐξ
1324 2295 1489 2368 bruelium
1507 2299 1590 2392 ejus,
1627 2367 1629 2372 ,

438 2386 548 2461 Mese.
573 2409 650 2483 gen.
675 2390 824 2461 verbum
843 2415 944 2475 ¹ror,
969 2404 1008 2462 ut
1033 2389 1067 2463 dc
1087 2383 1238 2462 adfixum
1256 2389 1290 2463 in
1307 2417 1395 2482 rra,
1419 2416 1486 2468 nos
1501 2393 1541 2468 ad
1559 2415 1590 2466 a·

437 2485 513 2558 liud
534 2483 724 2575 subjeilum
747 2484 920 2576 respicere
943 2506 1025 2560 cum
1045 2487 1213 2578 jubeant,
1248 2487 1447 2564 Antiochus
1476 2491 1589 2580 Deus,

436 2581 496 2654 vel
519 2582 732 2656 Ptolemaeus
756 2581 1020 2676 Philadelphus,
1055 2583 1159 2656 unice
1182 2583 1218 2657 in
1237 2583 1379 2662 censum
1395 2589 1590 2684 venirepo·

418 2679 534 2752 terit.
587 2679 655 2751 Sed
672 2677 975 2773 inPhiladelpho,
1001 2680 1046 2754 de
1060 2703 1131 2772 quo
1146 2681 1308 2755 nonnulli
1326 2686 1502 2782 cogitant,
1521 2687 1592 2762 nul·

438 2775 514 2847 lum
536 2772 672 2848 sensum
696 2773 872 2863 admittit,
906 2799 974 2850 nec
995 2775 1039 2848 ad
1063 2775 1207 2870 scopum
1233 2777 1329 2858 facit.
1381 2785 1477 2856 Talis
1496 2785 1590 2859 enim

436 2884 584 2963 oportet
607 2871 855 2966 intelligatur,
890 2875 956 2966 qui
972 2871 1168 2947 Berenicen
1193 2875 1230 2949 in
1253 2874 1344 2954 statu
1369 2879 1590 2980 &dignitate

436 2967 532 3038 tueri
559 2965 714 3056 debeat,
757 2990 827 3059 quo
849 2967 961 3042 sradlo
985 2967 1055 3064 ipsa
1080 2977 1149 3044 vim
1170 2973 1293 3048 bruchii
1316 2974 1455 3072 exserere
1476 2981 1591 3074 prohi-

437 3064 595 3137 beretur.
647 3061 719 3162 Qui
744 3065 859 3138 nullus
881 3065 967 3142 alius
991 3067 1040 3141 est
1063 3090 1105 3142 ac
1127 3069 1198 3164 ipse
1222 3093 1284 3145 rex
1303 3075 1509 3168 Aquilonis,
1536 3077 1591 3153 cui

434 3158 622 3254 nupserat,
649 3162 819 3254 cuiusque
844 3165 1005 3254 potentia
1021 3166 1124 3241 inniti
1148 3169 1322 3260 deberet,
1347 3172 1391 3246 ad
1411 3175 1493 3266 quid
1508 3198 1592 3270 prae·

436 3258 530 3331 clare
556 3258 770 3333 faciendum.
824 3259 881 3334 De
906 3264 976 3337 hoc
996 3281 1115 3340 autem
1139 3265 1288 3358 dicitur,
1313 3269 1509 3364 uenfiebr't,
1536 3296 1591 3348 ner

434 3359 603 3429 bruchium
627 3359 724 3452 ejus:
763 3379 835 3450 quo
861 3361 938 3452 plus
969 3361 1200 3460 fignificarur,
1240 3389 1344 3460 quam
1372 3373 1590 3464 exprimitur.

434 3451 517 3527 Non
537 3451 628 3545 flere
654 3454 750 3529 enim
772 3455 825 3528 est
847 3478 922 3532 non
944 3473 1082 3536 tanturn
1100 3459 1204 3534 fidem
1222 3485 1295 3538 non
1311 3481 1456 3557 tenere,
1483 3469 1590 3543 sed&

435 3555 511 3628 vim
531 3552 632 3626 fimul
650 3551 819 3646 perdere,
859 3577 898 3630 ac
921 3557 1049 3649 vitam,
1080 3579 1187 3651 quare
1212 3562 1378 3636 bruchium
1400 3567 1476 3658 ejus
1499 3567 1590 3641 addi·

434 3664 515 3736 tur3
555 3663 596 3722 ut
619 3648 663 3721 de
687 3672 732 3724 eo
757 3649 889 3741 fraiio,
928 3653 988 3726 seu
1015 3656 1176 3748 potentia
1195 3676 1236 3729 ac
1259 3659 1408 3751 imperio
1433 3664 1590 3756 abolito,

434 3749 687 3846 cogitaremus.
761 3749 847 3826 Duo
878 3752 999 3845 itaque
1019 3752 1104 3830 mihi
1126 3752 1272 3829 indicari
1295 3759 1481 3848 videntur,
1518 3764 1591 3836 An·

1429 3857 1590 3934 tiochum

477 4010 495 4049 a
517 4007 531 4050 1
551 3991 660 4058 Chron.
686 4009 774 4053 xxix:
800 4011 846 4068 14.
875 4013 893 4055 2
910 3997 1018 4061 chron.
1038 4013 1227 4074 11:5.1111:
1247 4015 1293 4070 19.
1477 4007 1494 4064 b
1515 4005 1597 4084 Job..

433 4083 527 4133 aare:
548 4075 577 4135 8.
680 4072 762 4138 cl’s.
777 4089 905 4140 mvn:
920 4092 967 4152 17.

1698 175 1701 356 l

1698 359 1701 502 l
