3504 4782
428 435 505 516 ψ.
595 329 1417 484 orscan'anr1ona's
1510 467 1513 476 .

431 593 467 666 dc
483 593 649 665 Senatum
663 585 864 658 Romanum
879 577 1042 672 adplicat.
1083 573 1215 648 Eadem
1231 569 1308 645 fere
1326 570 1474 670 vestigia
1489 595 1586 670 pres·

427 690 469 762 iit
492 685 657 770 Crinsoz,
684 683 819 773 quinas
840 679 943 750 decem
966 671 1135 748 monstrat
1153 671 1352 764 potentias3
1381 669 1585 770 Vifigotho.

432 809 531 872 rum,
563 779 824 863 Vandalorum,
855 771 1095 860 Francorum,
1135 767 1447 864 Burgundionum,
1480 773 1582 848 Hun.

431 904 581 969 norum,
615 880 833 962 Alanorum,
866 873 1093 955 Suevorum,
1132 866 1373 953 Herulorum,
1406 865 1584 968 Osthogo.

421 981 609 1064 ¹thorum,
642 975 677 1046 &
700 967 996 1065 Lombardorum.
1052 964 1140 1038 ‘Tria
1163 985 1321 1051 cornua,
1360 984 1437 1055 que
1468 988 1583 1060 parvo

430 1098 565 1164 cornu,
592 1073 657 1242 feld
677 1071 775 1166 Papis
796 1066 990 1165 cesserunt,
1016 1062 1077 1158 ipsa
1094 1060 1193 1150 sunt,
1219 1057 1364 1152 Heruli,
1395 1058 1583 1162 Ollrogolli

433 1173 467 1246 dt
493 1171 636 1244 Lomlar
659 1173 681 1241 i.

420 1329 424 1336 .
483 1273 514 1358 §.
541 1265 655 1340 XVlI.
683 1263 799 1339 Aliam
823 1261 917 1338 viam
941 1259 1060 1336 tenuit
1083 1255 1298 1356 Jungman.,
1324 1259 1384 1351 qui
1397 1279 1504 1358 regna
1517 1283 1581 1356 pu.

432 1381 487 1441 tat
506 1364 745 1458 representari
768 1383 812 1436 ex
835 1359 1000 1434 Romano
1020 1357 1172 1449 imperio
1194 1371 1292 1442 orta,
1319 1357 1353 1430 δι
1375 1361 1418 1431 ab
1442 1358 1516 1452 ipso
1531 1359 1580 1434 be.

425 1462 502 1556 fine
522 1483 679 1555 corpore,
697 1457 860 1544 diversa,
896 1457 1055 1550 adeoque
1085 1469 1211 1546 praeter
1236 1449 1474 1530 Germania&
1501 1456 1581 1530 Con-

423 1558 640 1654 stantinopol.
668 1578 789 1652 regna.
838 1553 924 1652 Quo
946 1553 1181 1628 fundamento
1201 1547 1381 1644 sequentia
1409 1551 1579 1632 ostendit:

350 1665 357 1674 '
433 1656 593 1751 Angliae,
620 1653 761 1743 Galliae,
787 1649 982 1737 Navarrae,
1017 1649 1183 1744 Legionis
1209 1646 1244 1719 δι
1270 1646 1448 1739 Casteilae,
1474 1653 1581 1726 Arra.

435 1755 550 1850 goniae
573 1750 771 1834 &Siciliae‚
804 1745 1007 1836 Luncaniae,
1039 1743 1181 1842 Cypri,
1205 1743 1391 1842 Hungariae
1412 1747 1446 1818 ἃ
1466 1744 1581 1822 Bohe.

431 1851 532 1938 miae,
559 1847 695 1922 Bosniae
713 1844 911 1932 inferioris,
936 1843 972 1918 T
973 1843 1179 1936 rapezuntii.
1231 1839 1353 1917 Cornu
1372 1857 1515 1938 paruum
1530 1843 1581 1937 est

436 1947 672 2018 Osmannicum
694 1942 754 2018 sub
780 1941 1025 2016 Muhammete
1052 1946 1102 2029 ir,
1129 1941 1189 2031 qui
1210 1939 1275 2013 tria
1300 1937 1475 2034 postrema
1501 1965 1580 2040 reg·

432 2065 502 2129 na,
526 2043 587 2113 vel
605 2039 722 2132 potius
738 2035 864 2134 Reges,
890 2035 1070 2112 destruxit·
1110 2035 1220 2134 Quod
1234 2034 1398 2129 systema,
1422 2059 1580 2116 eumen·

427 2155 474 2222 pte
496 2135 851 2225 Dotliffimtancujus
868 2135 935 2208 viri
953 2133 1199 2222 emendatum,
1228 2135 1369 2229 reliquis
1389 2134 1578 2230 preferen.

434 2237 519 2312 dum
544 2231 621 2325 est,
655 2256 728 2328 quo
757 2234 882 2308 decem
908 2253 1040 2329 regna,
1072 2245 1235 2323 tempore
1256 2233 1355 2328 regni
1376 2233 1581 2312 Osmannici
1692 2239 1696 2246 '

434 2331 647 2421 existentia,
673 2330 816 2406 huncin
834 2329 979 2404 modum
995 2328 1243 2417 recensentur,
1269 2329 1474 2422 Germanic,
1502 2333 1582 2408 Gel-

433 2433 509 2522 lie,
534 2427 728 2525 Hispanico,
752 2424 958 2520 Lnfltaniae,
985 2425 1143 2522 Anglice,
1171 2423 1583 2524 Constantinopolitanum,

312 2571 315 2580 .
433 2524 645 2624 Hungcriae,
677 2524 981 2620 srepezuntinom,
1007 2521 1166 2618 Neapolis
1187 2521 1231 2605 st?
1249 2521 1393 2616 Sicilie,
1419 2523 1580 2604 Mamme-

433 2627 580 2698 lncorum
604 2629 640 2694 in
665 2621 839 2716 AEgyptn
882 2620 968 2693 Tria
997 2641 1129 2716 regna,
1170 2643 1251 2715 per·
1267 2621 1498 2700 Osmannidas
1522 2627 1581 2700 de·

433 2717 582 2806 strudla,
608 2715 687 2792 sunt
710 2713 953 2810 constantinop.
984 2713 1183 2809 Trapezam.
1211 2717 1244 2790 dc
1269 2717 1480 2796 Mammeluc.
1521 2725 1579 2800 Ab

435 2815 533 2889 hisce
555 2815 719 2888 omnibus
742 2811 887 2887 discedit
909 2811 963 2888 Cl.
987 2810 1180 2904 Coccejus,
1206 2815 1265 2906 qui
1289 2817 1493 2893 divisionem
1514 2823 1579 2895 im·

438 2911 529 3004 perii
552 2911 665 3004 quarti
695 2907 732 2982 in
755 2907 866 2982 statua
892 2909 934 2982 ad
963 2908 1139 3002 duplicem
1169 2909 1409 3004 potestatem,
1440 2913 1579 3012 Ecclefi.

433 3006 569 3098 cilicem
589 3007 623 3080 dt
646 3003 844 3092 Politiccm,
868 3005 917 3080 im
941 3005 1103 3081 Romano
1127 3007 1282 3102 Imperio
1305 3010 1501 3090 Christiano
1526 3039 1578 3088 re.
1660 3087 1662 3092 .

432 3105 535 3194 fert,
568 3102 601 3176 dr
624 3125 688 3197 per
712 3104 814 3176 decem
835 3102 961 3200 digitos
985 3119 1043 3178 tot
1069 3127 1169 3201 reges
1190 3105 1382 3205 intelligit,
1418 3113 1476 3206 qui
1499 3135 1580 3190 cum

433 3201 547 3278 bestia
570 3213 760 3297 regnarent
782 3201 958 3276 anchora
981 3201 1051 3295 Ap.
1074 3223 1181 3278 nvrr:
1213 3226 1267 3279 12.
1320 3203 1455 3283 Verum
1477 3212 1579 3284 decem

434 3322 556 3377 cortine
585 3297 883 3392 nescioquam,
918 3298 978 3373 seu
1002 3299 1143 3394 Imperii
1171 3301 1578 3398 Romano-Germanici,
1645 3379 1649 3384 ,

437 3397 606 3478 transfert
626 3397 670 3470 ad
693 3395 843 3471 totidem
866 3395 1035 3487 familias,
1063 3419 1126 3489 per
1145 3419 1228 3491 quas
1250 3397 1411 3474 succeffio
1428 3401 1579 3497 impera.

436 3513 557 3588 torum
586 3491 639 3569 est
667 3493 866 3583 devoluta,
901 3517 983 3588 quas
1012 3493 1173 3568 recenset
1200 3493 1411 3589 sequentes,
1447 3499 1578 3576 Caroli-

436 3615 547 3677 nam,
579 3593 814 3682 Saxonicam,
849 3592 1020 3678 Salicem,
1053 3593 1265 3683 sectricem,
1299 3597 1578 3690 Hoilandicam,

438 3690 644 3856 ssnglicam,
670 3689 913 3777 Austriacarn,
937 3687 1168 3779 Nasonem,
1194 3685 1508 3792 Lucelburgicam,
1543 3700 1578 3774 dc

470 3805 655 3860 avaricam.
1578 3827 1582 3836 ·

478 3884 509 3972 §.
535 3877 666 3959 XVIII.
692 3879 942 3966 Diverfiffimts
962 3883 1065 3968 hasce
1086 3887 1157 3968 vias
1169 3938 1181 3982 ,
1205 3909 1291 3984 quas
1307 3887 1415 3968 Dotti
1431 3913 1579 3989 aperue-

1498 4009 1583 4066 sulit
