3440 4774
407 362 1411 494 ffl·conmtnrnnrus

410 563 634 640 tollerentur.
661 555 934 642 ,Adflibiionem
956 547 1211 643 Epiphanicam
1233 547 1410 622 Gentibus
1426 559 1567 624 creattt.

412 683 487 734 ram
516 656 717 753 praejudicia
746 669 871 728 contra
899 651 1085 722 veritatem
1112 647 1291 742 religionis
1318 645 1471 739 Judaicae
1492 647 1563 742 Jes.

408 779 490 832 xxv:
508 777 542 849 7.
566 759 636 847 jam
658 751 860 846 predistum
882 749 974 833 suit,
1007 743 1050 828 ἐξ
1065 749 1192 818 absorbe
1207 750 1242 816 it
1257 750 1293 816 in
1308 759 1413 818 monte
1429 743 1564 841 borspe-

410 860 490 926 tiem
512 855 700 948 operimenti
723 853 894 944 operientis
917 865 1021 916 omnes
1035 847 1190 939 populos,
1218 839 1261 924 &⁹
1278 847 1426 916 nemmem
1443 841 1566 936 impost-

412 963 483 1024 tum
497 953 640 1022 omnibus
655 951 827 1042 gentibus,
852 945 904 1040 uti
919 939 1079 1036 exposuit
1093 939 1147 1016 Cl.
1163 937 1446 1028 Commentator.
1473 941 1564 1014 Con·

413 1049 542 1121 temtui
561 1047 593 1118 δι
616 1045 812 1140 opprobrio
833 1042 935 1116 inille
951 1039 1140 1132 expositam
1158 1035 1347 1109 Ecclesiam
1363 1035 1561 1126 judaicam,

415 1166 458 1217 err
481 1140 623 1217 historia
648 1163 789 1236 quoque
812 1137 961 1214 constat.
1021 1134 1096 1229 lpse
1119 1155 1262 1226 quoque
1278 1135 1480 1208 Antiochus
1495 1135 1565 1208 lau·

415 1241 489 1314 dari
512 1240 600 1314 solet
625 1263 644 1312 a
663 1240 886 1325 Gentilibus,
912 1235 1006 1330 quod
1026 1233 1234 1329 religionem
1248 1231 1338 1304 hanc
1352 1229 1566 1306 destrusium

414 1339 534 1413 iverit.
587 1337 708 1408 Odium
722 1334 981 1429 Judaeornmm
997 1331 1168 1422 universas
1183 1343 1294 1424 gentes
1309 1325 1566 1415 duellotusAu·

415 1440 564 1523 tiotbus,
591 1435 756 1526 inquiunt
776 1428 962 1506 confitiarii
982 1429 1072 1524 regis
1095 1427 1285 1512 Antiochi,
1319 1448 1393 1500 non
1411 1425 1566 1522 Eupato-

414 1534 481 1622 ris,
505 1531 566 1603 sed
586 1530 637 1604 Pii
665 1543 726 1604 aut
748 1530 895 1617 Sideris,
929 1526 1020 1617 apud
1043 1524 1243 1597 Diodorum
1266 1523 1334 1596 Sic.
1358 1543 1394 1611 o,
1421 1539 1460 1594 ut
1482 1528 1567 1618 teges

378 1659 380 1662 ·
415 1631 618 1702 abolerentur
633 1643 758 1722 operum
775 1627 871 1698 dedit.
920 1623 975 1696 Sic
997 1621 1190 1696 &taurus
1204 1625 1232 1694 i.
1267 1617 1439 1714 Poslquam
1456 1619 1568 1693 Mote-

303 1729 306 1736 '
417 1728 511 1799 doner
531 1741 755 1820 prapotuere,
789 1747 847 1795 reu
870 1720 1052 1792 Antiochus
1073 1719 1194 1792 demere
1207 1715 1492 1812 superstitionem,
1524 1717 1567 1800 ἐξ

417 1845 518 1896 mares
541 1823 725 1893 Grarmum
749 1821 824 1892 dare
848 1821 1006 1904 adnixus,
1042 1821 1208 1912 quominus
1225 1819 1424 1886 teterrimam
1441 1830 1567 1909 gentem

418 1924 454 1992 im
477 1922 591 1990 melius
617 1930 783 2001 mutaret,
824 1913 1022 1987 Parthorum
1046 1917 1123 1986 bello
1145 1915 1326 2007 prohibitus
1348 1909 1404 2000 eli.
1460 1911 1567 2012 Quod

421 2014 663 2110 prejudicium
694 2012 822 2086 fortius
850 2009 1000 2099 suisset,
1038 2009 1133 2084 lieo
1157 2011 1264 2102 scopo
1291 2029 1366 2082 rem
1389 2008 1566 2106 adgressus

418 2111 556 2200 fuisset;
583 2111 642 2184 sed
663 2111 734 2200 vim
756 2131 796 2182 ac
818 2111 928 2182 robur
952 2105 1088 2200 perdit,
1121 2107 1146 2180 fi
1172 2107 1277 2202 longe
1299 2105 1393 2178 aliud
1413 2106 1568 2181 incitaffe

419 2211 556 2303 ipsum,
582 2208 750 2283 &finilia
766 2208 801 2280 in
817 2208 881 2279 alia
895 2205 1054 2280 Numina
1068 2202 1237 2296 patralle,
1262 2203 1428 2296 patescat.
1461 2204 1570 2304 Quod

421 2307 598 2400 Propheta
621 2305 743 2380 nostro
766 2306 848 2378 loco
869 2304 997 2376 claram
1012 2303 1048 2374 in
1062 2305 1179 2375 lucem
1194 2301 1386 2396 protraxit,
1412 2303 1569 2379 &even-

422 2419 478 2480 tus
492 2405 752 2496 comprobavit.
1056 2487 1060 2494 Δ

467 2506 501 2591 §.
519 2499 774 2575 CLXXXVlll.
802 2499 905 2574 Ratio
928 2496 1079 2590 denique
1099 2519 1175 2571 non
1199 2509 1275 2570 erat
1296 2499 1571 2590 praetermitten-

420 2599 486 2687 da,
528 2617 636 2692 quare
663 2596 739 2670 haec
764 2598 873 2669 verba
899 2617 971 2669 non
994 2594 1229 2687 praemiserit,
1270 2592 1329 2667 sed
1352 2593 1569 2687 subjunxerit

346 2751 349 2758 »
421 2694 607 2771 commiffis
629 2694 704 2785 ejns
721 2694 758 2766 in
771 2691 951 2785 Judaicanr
965 2691 1174 2788 religionem
1188 2692 1386 2784 Propheta,
1411 2709 1452 2766 ut
1468 2691 1569 2790 ligni·

421 2789 568 2876 ficarct,
593 2790 782 2880 profanum
804 2791 899 2861 hunc
917 2790 991 2877 ejus
1005 2793 1185 2880 animum,
1210 2806 1313 2863 antea
1329 2791 1567 2882 occultatum,

423 2888 458 2960 ἃ
484 2883 664 2976 religionis
685 2883 802 2975 specie
826 2885 1004 2972 velatum,
1030 2885 1301 2976 denudandum,
1325 2886 1357 2958 ar
1378 2888 1562 2980 apertius,

422 2985 517 3055 larva
537 2979 710 3068 detracta,
747 2978 1038 3056 manifestandum
1055 2982 1147 3073 elle,
1174 2981 1357 3078 postquam
1373 2980 1406 3054 se
1422 2983 1568 3059 violare

421 3077 600 3174 religionis
628 3076 781 3171 Judaicae
803 3099 903 3153 reum
925 3079 1122 3177 peregisset
1179 3080 1288 3178 Quod
1309 3081 1395 3156 licut
1416 3079 1569 3158 historiae

422 3173 543 3249 exaiie
558 3177 756 3266 convenit,
779 3176 848 3266 ita,
871 3177 913 3250 ad
929 3178 1083 3254 animum
1099 3199 1328 3268 revocatum,
1342 3177 1567 3274 scrupulum,

423 3295 530 3370 quem
551 3274 626 3348 haec
649 3277 760 3349 verba
779 3297 860 3350 cum
877 3273 1017 3350 historia
1031 3295 1232 3369 comparata
1247 3276 1393 3367 injicere
1408 3277 1566 3371 pollent,

424 3371 459 3444 n
481 3373 651 3466 adquem
673 3374 749 3468 quis
771 3373 873 3446 facile
897 3371 1174 3463 obhaeresceret,
1200 3375 1236 3447 in
1250 3375 1370 3446 verbis
1387 3377 1429 3448 ad
1446 3377 1569 3451 Antio·

403 3471 529 3547 chum
554 3471 787 3565 adplicandis,
815 3471 947 3545 eximet
972 3471 1123 3563 penitus.
1175 3469 1265 3542 Cum
1282 3472 1379 3546 enim
1396 3477 1432 3544 in
1449 3476 1570 3548 duabus

422 3575 551 3664 magnis
572 3567 768 3662 haeredisque
781 3573 874 3640 rebus
891 3591 966 3640 nere
981 3574 1089 3663 regius
1105 3570 1178 3661 ejus
1191 3573 1321 3640 animus
1335 3569 1469 3663 fuerit,
1493 3595 1570 3646 ver·

422 3667 475 3741 bis
491 3683 573 3742 utor
589 3666 681 3740 Livii
696 3687 729 3757 c,
756 3673 792 3740 r'n
813 3670 941 3740 arbitrri
956 3667 1065 3757 damu,
1090 3689 1128 3742 ac
1142 3663 1289 3742 Deorum
1304 3670 1398 3764 cultu
1483 3693 1571 3766 mag·

1397 3765 1569 3849 attracta

461 3909 595 3984 aEclog.
619 3911 697 3970 Libr.
720 3923 822 3970 xxxiv.
949 3907 1061 3969 bHisl.
1085 3908 1103 3967 l.
1128 3925 1157 3968 v.
1179 3924 1203 3970 c.
1226 3913 1253 3975 8.
1389 3925 1405 3974 r
1424 3913 1477 3974 lib.
1497 3929 1565 3986 ιω.

418 3997 444 4051 c:
467 4000 515 4045 20.
538 4003 574 4048 ex
596 3989 717 4066 Polybio
739 3987 813 4069 apud
834 3987 938 4062 Athen.
962 3989 981 4048 l.
1004 4005 1032 4048 v.
1053 4003 1082 4067 p.
1105 4001 1170 4062 194.
