3514 4782
320 363 384 417 nn
434 338 801 418 VATICINIA
851 343 1184 422 DANIELIS.
1288 373 1332 446 27

176 541 379 632 indostiori,
411 539 584 633 imponit,
610 539 769 628 mittam3
795 536 848 614 lll.
870 539 902 634 J.
924 542 1010 616 Scali
1035 565 1074 616 er
1096 543 1263 642 collegit,
1297 546 1330 620 da

177 639 353 719 illustravit
373 636 416 711 ad
436 637 569 710 calcem
582 635 756 746 librorum
772 635 817 708 de
833 637 983 714 Emend.
999 565 1128 736 'lgemp
1145 639 1204 714 sed
1218 641 1327 734 Berrfi

175 743 274 836 longe
294 736 434 832 plenius
456 734 511 808 vir
530 731 774 808 erudrtrffimus
789 731 823 806 de
836 735 1130 836 diligentillimus,
1156 737 1187 833 J.
1204 739 1249 814 A.
1265 737 1293 812 F
1294 761 1327 813 a·

170 837 294 914 bricius
320 833 409 908 Bibl.
434 831 499 906 Gr.
525 831 600 907 vol.
626 851 702 906 mv.
731 853 810 930 pag.
839 835 942 934 175.)
970 835 1013 910 de
1044 837 1194 912 veritate
1220 837 1323 928 hujus

163 936 232 1024 rei,
257 951 327 1012 nec
348 953 423 1008 non
444 929 677 1026 plurimarum
690 931 959 1027 prophetiarum
972 935 1225 1030 implemento,
1249 935 1323 1028 ple·

162 1033 238 1109 nius
262 1029 297 1105 bt
319 1030 452 1106 certius
465 1028 537 1104 srne
553 1027 662 1104 dubio
677 1027 865 1106 constaret.
915 1031 984 1106 Sed
996 1033 1156 1108 inanibus
1172 1032 1322 1125 querelis

160 1129 202 1204 de
223 1129 293 1206 hac
312 1143 412 1205 tanta
428 1125 560 1221 iasiura
579 1125 703 1224 millis,¹
727 1126 937 1222 specimina,
970 1131 1162 1225 exquibus
1183 1129 1227 1202 de
1243 1129 1325 1228 reli·¹

156 1229 230 1322 quis
256 1226 327 1301 erit
348 1225 598 1320 judicandum,
623 1243 701 1318 quae
722 1223 782 1297 hic
800 1225 873 1298 illic
886 1225 1093 1319 supersunt,
1117 1227 1154 1300 ln
1167 1225 1330 1309 medium

151 1325 386 1400 adducamus.
437 1321 496 1392 Ex
519 1317 641 1391 teron
668 1319 873 1416 fragmento
904 1321 996 1412 apud
1017 1320 1158 1414 Joseplr.
1181 1323 1269 1394 Ant.
1290 1339 1324 1394 rt:

152 1437 209 1495 11.
237 1422 276 1492 de
301 1437 431 1494 conam
450 1415 522 1508 Ap.
550 1435 608 1506 19.
630 1413 769 1500 elucet,
806 1411 1163 1507 Nebucadnezarem,
1196 1429 1324 1512 preter

150 1513 391 1592 israelitarum
417 1508 673 1606 &Judaeonm
694 1517 826 1596 terras,
857 1505 1006 1582 tenuille
1036 1505 1064 1578 S
1103 1515 1189 1596 lam,
1228 1509 1322 1583 Pte,

149 1619 297 1701 nidum,
333 1609 499 1682 Arabiam
527 1603 571 1688 s?
599 1601 809 1698 AEgyptumr
841 1600 1026 1696 ipsumque
1048 1531 1319 1696 &iudeorum

150 1709 183 1783 br
208 1704 491 1802 Babyloniorum
512 1719 616 1798 reges
630 1697 874 1794 precedentes
890 1697 1073 1774 universos
1089 1705 1195 1777 rebus
1212 1699 1322 1799 gestis.

150 1805 266 1904 longo
284 1800 364 1900 post
382 1800 419 1875 se
439 1796 615 1892 reliquisse
638 1795 841 1880 intervallo,
898 1793 991 1872 Cum
1019 1797 1075 1871 his
1095 1799 1320 1888 convenire,

34 1949 35 1966 .
146 1923 231 2072 ssuae
253 1903 293 1976 in
318 1897 481 1973 Archivis
507 1894 717 1970 Phoenicum
739 1892 868 1988 scripta
889 1894 1136 1988 reperiuntur,
1168 1913 1320 1990 queque.

174 1995 375 2074 hilostranrs
396 1995 433 2071 in
453 1991 595 2086 bellatis
610 1989 775 2081 tradidit,
800 1987 929 2066 adserit
944 1989 1017 2084 Jos.
1037 2005 1160 2068 contra
1180 1989 1314 2088 Apion.

146 2114 180 2172 r:
205 2118 267 2170 20.
287 2115 358 2170 nec
379 2111 456 2166 non
475 2089 630 2184 Syncell.
653 2085 835 2185 Chronog.
855 2109 892 2182 p.
917 2097 996 2182 177.
1052 2087 1255 2184 Judaeorum
1274 2089 1316 2169 in

144 2191 291 2268 exilium
311 2185 572 2282 Babylonicum
600 2183 851 2260 abdudtionem
879 2205 944 2278 per
971 2183 1310 2268 Nebucadnezarem

33 2343 34 2346 κ
139 2310 293 2458 ligoque
306 2283 463 2394 retulisse
480 2281 706 2372 Demetrium,
718 2283 779 2376 qui
794 2279 940 2376 Scepfiur
954 2279 1212 2360 Grammaticus
1227 2283 1308 2359 Ari.

33 2399 34 2418 ¹
192 2383 276 2456 rchi
295 2379 436 2470 aequalre
456 2377 528 2449 elle
539 2391 703 2468 putatur,
726 2376 872 2452 testatur
887 2377 1052 2454 Clemens
1066 2381 1169 2454 Alex.
1184 2379 1253 2452 Str.
1273 2397 1305 2451 1.

33 2527 35 2600 l

33 2739 34 2746 r

33 2747 35 2758 ι

33 2855 35 2864 s

136 2500 178 2576 p.
201 2500 289 2572 403.
331 2469 502 2547 Illustrius
515 2470 588 2560 est,
615 2473 708 2566 quod
723 2493 765 2545 ex
777 2472 1029 2572 Megasthene,
1054 2474 1244 2548 Indicarum
1257 2495 1308 2546 ra,

136 2599 212 2651 rum
234 2571 435 2666 scriptore,
459 2567 522 2643 sub
536 2566 664 2640 Seleuco
678 2567 856 2662 Mentora,
882 2568 972 2645 teste
987 2570 1100 2647 Clem.
1113 2569 1217 2648 Alex.
1233 2569 1304 2646 Str.

140 2693 172 2747 1.
186 2696 225 2766 p.
242 2672 326 2764 360.
340 2659 593 2775 reseruntJos.
609 2662 632 2736 l.
648 2683 678 2737 c.
693 2664 729 2738 tr
740 2665 869 2741 Euseb.
884 2667 995 2762 Praep.
1012 2664 1078 2744 Eu.
1095 2691 1143 2744 rx:
1159 2689 1218 2761 41.
1229 2665 1303 2741 Ne·

136 2766 420 2884 bucadnetarem
430 2759 515 2930 1rtpjso
536 2759 697 2930 Hesrcule·
713 2761 839 2854 fuae,
870 2763 906 2836 tr
928 2772 1055 2838 obrute
1069 2767 1238 2884 heroica,
1264 2763 1301 2838 dc

136 2861 364 3054 siliis
376 2877 824 3046 salsamina
835 2859 1301 3058 pereffluunt-..2
1323 2943 1326 2956 ·

141 3056 274 3130 loniam
294 3054 496 3151 iu2dexlram
515 2977 620 3127 ssontt
636 2985 981 3165 plagamdeportaffe.
1032 3054 1100 3130 Cui
1120 3055 1299 3147 concinit,

140 3151 240 3246 quod
260 3173 305 3224 ex
317 3151 440 3228 eodem
453 3149 687 3245 Megasthene
700 3151 807 3227 tradit
820 3151 947 3229 Strabo
961 3151 1092 3252 Geogr.
1108 3155 1131 3229 l.
1146 3175 1205 3228 xv.
1214 3173 1295 3250 pag.

139 3267 244 3344 1007.
297 3244 612 3342 Naumrdrosorum,
642 3246 769 3320 rectius
790 3245 1108 3346 Nabucodrofhrum,
1133 3267 1176 3326 ut
1191 3249 1295 3326 estin

33 3389 35 3432 ,
137 3343 321 3444 Excerptis
342 3345 403 3419 Me
427 3341 578 3418 asthenis
600 3337 695 3433 apud
708 3339 835 3418 Euseb.
848 3347 872 3419 l.
887 3347 942 3443 c.)
957 3351 1043 3441 apud
1060 3349 1232 3422 Chaldaeos
1246 3366 1294 3417 ca·

138 3443 255 3516 lebrorr'
274 3459 352 3540 prae
414 3444 542 3529 ercule,
574 3433 618 3519 ἐξ
639 3455 738 3530 utque
752 3437 794 3505 ad
809 3439 980 3514 Columnas
991 3441 1193 3536 peroeniffe,
1218 3439 1294 3512 imo

33 3597 34 3604 κ
136 3557 179 3614 ex
191 3537 301 3615 Iberia
314 3543 352 3615 in
372 3537 546 3612 Thraciam
560 3533 606 3617 ὅ
620 3529 762 3605 Pontum
776 3531 898 3629 duxiffi
912 3541 1100 3606 exoritura.

181 3641 213 3726 §.
226 3637 356 3712 XXIX.
388 3637 467 3711 Hae
487 3635 531 3708 de
553 3629 861 3706 Nebucadnezaris
885 3629 1109 3724 expeditione
1129 3633 1212 3728 quld
1231 3633 1290 3710 ha-

134 3731 288 3814 bendum
314 3735 384 3822 sat,
423 3755 498 3808 non
523 3733 695 3832 convenit
713 3731 807 3804 inter
829 3727 975 3804 Dotios.
996 3729 1046 3804 lll.
1071 3729 1300 3810 Marshamus:

134 3829 175 3906 in
191 3831 279 3912 Can.
303 3832 442 3908 ebron.
460 3832 537 3907 Sec.
559 3849 664 3906 xvnr.
681 3851 715 3924 p.
731 3849 812 4002 532.
864 3827 1013 3906 iberiam
1026 3828 1229 3920 Afiaticam,
1256 3831 1298 3903 bt

810 3951 834 4003 a
1219 3949 1295 4003 non
