3428 4742
424 457 500 560 m
589 421 1487 536 connumeratus==

429 619 581 722 historiae
596 663 670 716 non
689 609 779 712 male
798 631 1006 731 respondeat
1022 613 1221 726 prophetia.
1252 609 1393 726 Quibus
1408 611 1584 706 illustran-

429 743 480 816 dis
494 761 638 834 operam
652 733 877 830 impendisse,
903 753 1022 826 operae
1039 729 1190 823 pretium
1205 725 1327 800 fuerit.

478 843 508 928 §.
528 831 681 908 CCXIX.
707 831 814 932 Quod
830 849 1018 922 antequam
1032 825 1234 924 adgrediar,
1259 845 1330 896 una
1344 823 1500 899 alterave
1513 819 1591 900 dih·

430 931 585 1020 ficultas,
611 953 656 1004 ex
676 933 766 1004 male
787 925 966 1002 intelledta
989 924 1177 1018 pericopa,
1203 919 1405 996 &historic
1419 921 1580 1016 hientio,

428 1032 709 1126 inprimisnata,
741 1045 786 1122 ne
801 1027 878 1120 quis
892 1025 928 1097 in
942 1024 1064 1096 limine
1078 1019 1262 1109 offendat,
1286 1021 1438 1094 emedio
1453 1023 1582 1097 tollen·

430 1123 474 1204 da
497 1115 558 1202 'cib
583 1213 588 1222 ¹
612 1118 720 1200 ne'taa
744 1121 839 1197 enim
863 1120 973 1220 regis,
999 1119 1112 1193 adhuc
1130 1117 1252 1215 pueri,
1277 1118 1457 1194 neminem
1471 1118 1582 1196 credo

433 1223 618 1318 offendet,
644 1245 725 1296 cum
741 1221 881 1320 regibus
896 1217 1004 1294 tribui
1022 1216 1177 1306 soleant,
1203 1215 1488 1310 quae'coniiliarli
1503 1241 1582 1317 ege.

431 1341 526 1400 runt.
565 1320 674 1422 Quod
691 1319 778 1394 sicut
796 1317 963 1392 Historici
975 1314 1109 1404 solent,
1134 1315 1183 1388 ita
1203 1313 1270 1386 &a
1286 1311 1499 1408 Prophetis,
1523 1316 1584 1412 qui

433 1421 656 1496 historiarum
679 1413 873 1511 praenuncii
887 1415 986 1503 sunt,
1012 1413 1167 1487 alienum
1185 1409 1253 1484 effe
1267 1413 1404 1508 nequit.
1441 1409 1490 1486 Ut
1507 1437 1582 1504 nor,

434 1527 490 1618 qui
512 1541 563 1590 ret
579 1513 698 1614 pestes
726 1519 960 1610 componimus,
993 1509 1109 1602 inquit
1129 1509 1294 1602 Polybius
1315 1528 1353 1598 ⁶,
1376 1507 1584 1604 sententiar,

429 1619 500 1718 pue
522 1621 558 1688 in
573 1612 853 1685 deliberationibus
868 1608 912 1694 δ’
925 1606 1065 1702 confilia's
1066 1606 1235 1702 sumendis
1247 1621 1330 1679 rate
1338 1603 1506 1699 suerum,
1531 1611 1587 1681 od-

421 1711 628 1809 scriberetis
646 1725 712 1806 par
733 1707 798 1798 eil,
822 1705 879 1805 q'ui
900 1730 1008 1780 rerum
1021 1703 1158 1799 summe
1175 1701 1320 1802 presunt
1337 1705 1403 1778 dec.
1428 1706 1586 1798 dixerat,

435 1809 611 1903 berifimile
632 1833 694 1880 non
710 1801 790 1902 effi,
821 1808 891 1901 ejus
907 1809 1016 1878 etatis
1032 1814 1187 1898 puerum,
1213 1811 1372 1874 annorum
1388 1803 1586 1900 oitfeplen-

434 1907 561 1998 decim,
586 1901 725 1991 statuere
747 1904 784 1976 de
800 1907 905 1974 tantis
920 1905 1014 1974 rebus
1025 1895 1137 1998 poffe,·
1162 1899 1302 1994 quando
1316 1899 1496 1999 subjungit
1510 1923 1588 1976 ver·

437 2007 483 2079 ba
502 2005 620 2079 citata.
670 1997 806 2073 Verum
828 2021 911 2071 cum
926 1998 958 2070 dr
973 1999 1126 2091 impetus
1141 1995 1274 2070 hostilia
1290 1997 1364 2095 regi
1380 1998 1543 2096 Aegypti·
1551 2001 1589 2076 in

436 2097 836 2198 regem'septentrionis
857 2096 1097 2184 adtribuatur,
1133 2095 1287 2189 indeque
1308 2095 1411 2189 hujus
1431 2101 1469 2171 in
1487 2097 1588 2174 illum

436 2197 662 2272 exacerbatio
679 2209 878 2292 repetatur,
905 2192 1307 2285 &rexseptentrionia,
1341 2209 1509 2289 tanquam
1528 2197 1587 2288 qui

435 2297 640 2393 Aegyptum
664 2291 910 2386 occuparet&
932 2287 1119 2386 spoliaret,
1143 2289 1182 2363 in
1197 2289 1300 2365 scena
1314 2289 1381 2364 listi
1396 2292 1586 2388 videatur,

433 2408 603 2470 neutrum
624 2411 714 2465 vero
729 2387 880 2463 historiae
897 2387 1066 2462 Antiochi
1084 2383 1271 2482 Eupatoria
1288 2392 1498 2480 conveniat;
1523 2391 1585 2484 hy.

432 2487 574 2590 ‘pothesr
593 2487 742 2576 nostrae,
767 2485 991 2656 puantumvis
1013 2484 1194 2579 speciol'ae,
1228 2485 1425 2581 &reliquis
1448 2489 1587 2584 perico-

432 2610 486 2685 pae
508 2587 665 2684 partibus
696 2583 764 2658 hau
817 2583 907 2658 male
928 2581 1183 2676 respondenti,
1220 2583 1345 2680 ingens
1366 2585 1449 2660 inde
1474 2589 1585 2663 creari

433 2682 703 2783 prejudicium,
741 2682 871 2758 mirum
890 2702 965 2754 non
987 2679 1110 2760 foret,
1144 2679 1222 2755 ·Sed
1243 2683 1336 2755 bene
1358 2681 1429 2756 sese
1448 2684 1585 2778 habet,

433 2783 530 2876 quod
549 2796 632 2853 ante
656 2777 775 2851 omnia
793 2773 890 2856 redte
912 2777 1171 2852 observandum
1194 2775 1267 2868 est,
1292 2780 1378 2852 nihil
1399 2781 1531 2857 horum
1545 2785 1585 2860 in

434 2891 535 2953 textu
558 2872 680 2966 nostro
701 2893 904 2946 occurrere.
954 2871 1054 2946 Solet
1075 2874 1217 2965 quidem
1242 2876 1390 2970 primum
1412 2877 1503 2953 vers.
1520 2901 1586 2968 40.

433 2971 634 3050 membrum
649 2967 767 3058 verti,
786 2965 835 3052 ὃ
849 2973 885 3040 r'n
899 2981 1037 3066 tempore
1045 2965 1129 3064 finis
1143 2977 1295 3046 arietabat
1308 2995 1379 3046 curn
1391 2971 1478 3069 ipso,
1498 2997 1589 3074 rege

434 3064 717 3164 Septentrionis,
747 3090 806 3140 rex
828 3063 951 3160 Austri
964 3117 976 3158 ‚
1002 3069 1231 3164 adeoquede
1250 3093 1333 3170 rege
1355 3070 1503 3161 Austri,
1529 3097 1588 3149 au·

432 3181 515 3240 tore
537 3163 642 3250 belli,
675 3163 772 3260 capi:
807 3162 865 3236 sed
889 3163 1068 3239 reddenda
1088 3167 1158 3240 elle
1180 3169 1309 3255 verba,
1339 3174 1496 3243 ructabit
1516 3195 1587 3246 curn

367 3329 370 3334 .
434 3262 522 3434 ipso,
555 3259 713 3353 scilicet,
743 3286 817 3358 rege
837 3259 978 3353 Austri,
1010 3261 1055 3346 ὅ
1075 3264 1265 3362 inhorrescet
1276 3265 1384 3362 supro
1403 3265 1507 3366 ipsum
1528 3291 1585 3344 rex

462 3363 693 3460 eptentrionis,
717 3357 751 3431 dt
773 3361 816 3431 de
839 3356 913 3433 solo
939 3381 1023 3458 rege
1044 3359 1304 3454 septentrionis
1326 3385 1449 3462 regem
1467 3366 1585 3440 Austri

426 3459 600 3535 ‘invasuro
632 3455 865 3552 accipienda,
900 3478 985 3534 mox
1005 3457 1155 3534 docebo.
1213 3459 1410 3550 Praeterea,
1446 3466 1585 3540 molitu·

435 3577 516 3633 tum
542 3569 710 3641 tantum,
755 3576 829 3627 non
861 3553 1136 3644 exsecuturum,
1175 3579 1297 3656 regern
1325 3559 1584 3654 Septentrionia

435 3649 591 3768 Aegypti
619 3647 862 3740 invasionem,
907 3653 1065 3748 adeoque
1095 3653 1185 3729 intra
1213 3671 1364 3732 conatus
1386 3657 1584 3736 mansurum

435 3773 528 3851 regis
555 3748 775 3846 propositum
807 3765 930 3825 contra
958 3771 1079 3848 regern
1103 3749 1243 3841 Austri,
1281 3757 1472 3850 prophetia
1492 3754 1583 3831 haud

432 3867 509 3942 uno
525 3846 671 3921 indicio
697 3845 837 3940 prodit,
875 3869 957 3926 cum
979 3848 1075 3944 quod
1102 3871 1177 3926 nou
1202 3851 1340 3930 dicatur
1360 3871 1520 3930 uenturus
1546 3853 1582 3928 in

732 4035 735 4046 ,
1467 3951 1581 4054 Am

474 4063 579 4127 aLib.
603 4081 649 4128 tv.
670 4081 698 4146 p.
720 4071 788 4143 408.
