3426 4756
402 399 473 478 262
574 387 1404 472 DISSERTATIONES

402 585 683 666 Alexandrinum
719 583 868 660 divisum
898 605 975 660 non
1004 587 1112 684 magis
1135 586 1228 660 cirea
1249 579 1357 658 finem
1380 577 1450 654 dici
1473 602 1559 677 pos·

402 689 444 762 lit
469 693 582 761 nunni
607 689 684 758 aliis
708 685 854 772 datum,
895 703 998 777 quam
1019 683 1057 756 in
1076 681 1149 778 ipsa
1169 679 1345 775 diuisum,
1377 680 1488 754 relate
1509 681 1559 757 ad
1601 727 1603 732 ·

405 801 517 859 muner
538 779 758 881 posteritatem
783 781 994 869 Alexandri3
1020 778 1081 856 seu
1090 777 1181 876 filios
1195 782 1290 874 ejus,
1316 778 1377 871 qui
1395 801 1460 872 per
1474 776 1559 873 posi·

402 887 550 956 critatem
573 879 794 978 intelligendi
818 877 908 954 sunt.
963 877 1071 954 Nulla
1094 881 1213 971 itaque
1237 877 1329 952 ratio
1345 874 1417 964 est,
1447 897 1559 970 quare

401 1001 552 1076 regnum
576 981 651 1070 ejus
676 980 713 1051 in
734 993 898 1052 extremo
923 975 985 1050 suo
1007 980 1085 1050 aliis
1105 991 1234 1073 praeter
1254 973 1351 1068 istos3
1375 970 1423 1046 sc.
1441 972 1559 1067 poste·

403 1099 490 1165 ros,
533 1075 686 1150 dandum
711 1075 919 1166 diceretur,
952 1096 1036 1150 cum
1063 1074 1221 1150 &antea
1244 1072 1329 1148 illud
1356 1071 1476 1146 locum
1498 1071 1557 1146 ha·

332 1213 335 1221 λ
405 1175 536 1250 buerit.
1344 1201 1350 1206 ·

451 1277 482 1364 §.
507 1270 664 1346 XXXIII.
691 1270 747 1346 Ex
768 1292 848 1347 mea
863 1269 1033 1366 opinione
1054 1267 1218 1344 versio&
1236 1267 1559 1362 paraphrafishunc

404 1370 440 1443 in
468 1370 613 1444 modum
636 1369 851 1444 instituenda
869 1367 932 1444 est.
982 1367 1032 1442 Et
1042 1363 1268 1461 ficutfleuru
1284 1368 1387 1536 geum
1403 1367 1558 1442 Alexin.

404 1467 468 1540 der
491 1469 528 1541 in
551 1465 688 1541 summo
712 1466 857 1563 vigore,
892 1464 1053 1542 &firmo
1071 1467 1167 1554 talo,
1189 1479 1232 1538 ut
1249 1467 1283 1537 vi
1309 1465 1458 1558 ebatur,
1484 1481 1560 1539 tan·

405 1587 508 1658 quam
531 1585 596 1638 rex
622 1561 843 1660 constiterit)
868 1559 1055 1660 frangetur
1077 1585 1214 1660 reguum
1238 1564 1307 1658 ejus
1331 1561 1424 1657 (ipse
1447 1585 1560 1661 regno

406 1663 568 1749 excidet,
593 1660 754 1734 violenta
770 1677 887 1735 morte
905 1660 1059 1752 excisus,
1084 1661 1182 1756 quod
1205 1682 1236 1734 c.
1255 1681 1335 1735 vni:
1354 1665 1385 1736 8.
1403 1683 1467 1754 per
1484 1682 1561 1734 cor·

407 1781 457 1832 nu
481 1758 569 1832 illud
592 1756 769 1831 excelsum
790 1755 960 1846 fredum,
995 1759 1066 1833 fuit
1088 1755 1301 1854 expitlum.)
1328 1757 1371 1841 id
1393 1757 1560 1852 distribue·

408 1856 652 1950 tursecuudum
678 1867 816 1951 quatuor
837 1860 905 1928 culi
930 1857 1063 1946 uentos,
1097 1870 1134 1927 at
1157 1879 1220 1928 non
1237 1861 1325 1930 inter
1339 1853 1560 1952 posteritatem

407 1955 477 2047 ejus
509 1953 710 2049 (regnum,
750 1952 937 2026 conditore
967 1954 1043 2045 ejus
1069 1967 1234 2041 mortu0‚
1267 1975 1340 2026 non
1365 1957 1452 2043 uni,
1491 1974 1560 2028 nec

408 2049 515 2124 etiam
536 2046 706 2144 posteris,
739 2063 801 2124 aut
822 2050 963 2144 liberis,
995 2051 1071 2142 ejus
1093 2051 1220 2140 cedet,
1254 2048 1312 2122 sed
1333 2050 1427 2124 inter
1450 2050 1558 2138 alios,

406 2147 603 2242 deplores,
644 2144 837 2222 secundum
859 2169 983 2224 omnes
1010 2149 1088 2222 coeli
1110 2148 1249 2245 plagas,
1282 2148 1482 2243 dividetur)
1515 2145 1559 2231 i?

405 2269 471 2325 nou
482 2244 662 2342 secundum
680 2245 857 2319 dominium
881 2248 971 2341 ejur,
997 2249 1077 2342 quud
1092 2244 1156 2342 ipse
1171 2248 1300 2332 tenuit,
1326 2244 1561 2342 quiafhlnctur

406 2367 543 2440 regnum
573 2345 669 2439 ejus,
713 2341 757 2426 δ’
785 2347 863 2418 aliis
890 2359 1010 2440 pratu
1031 2341 1107 2438 isius
1131 2343 1301 2440 (regnum
1324 2367 1399 2418 non
1420 2360 1561 2456 totum,
1670 2381 1692 2390 ··

408 2444 509 2534 quale
533 2439 738 2518 Alexander
759 2441 846 2517 illud
870 2441 1047 2536 pollcdit‚
1073 2443 1167 2516 inter
1191 2463 1273 2528 eos,
1301 2463 1321 2512 a
1344 2439 1493 2536 posteris
1514 2441 1562 2514 du

406 2539 551 2628 versos,
577 2539 776 2626 dividetur,
801 2561 929 2612 verum
952 2539 1145 2634 promiscui
1165 2539 1250 2631 juris
1271 2536 1361 2628 fiet,
1387 2539 1492 2614 itaut
1505 2539 1561 2612 alii

408 2657 550 2727 quoque
573 2650 702 2728 praeter
725 2633 806 2710 istos
826 2652 963 2729 partem
985 2638 1135 2728 aliquem
1154 2637 1217 2710 fibi
1232 2635 1297 2709 sint
1312 2635 1560 2732 vindicaturi)

408 2732 611 2804 Secundum
634 2733 725 2804 hanc
745 2732 1079 2823 interpretationem
1104 2733 1222 2822 versus
1248 2734 1375 2827 partim
1399 2731 1557 2806 distribu-

409 2829 547 2920 tionem
570 2829 670 2924 regni
692 2829 785 2900 inter
803 2828 940 2918 duces,
983 2852 1004 2902 a
1025 2830 1134 2904 domo
1155 2833 1249 2928 regia
1273 2821 1447 2921 diversos,
1479 2851 1560 2924 pur·v

409 2925 473 3000 tim
497 2931 729 3018 occupationem
753 2927 796 2998 ab
824 2927 897 3000 aliis
923 2929 1123 3017 extraneis,
1151 2929 1444 3022 comprehendit,
1470 2926 1557 3002 lese⁴

410 3043 480 3114 que
509 3021 544 3094 in
567 3021 787 3116 duomagna
810 3025 968 3098 membra
990 3023 1171 3119 dispescit,
1207 3049 1358 3118 quorum
1383 3025 1561 3120 posteriue

410 3117 461 3190 est
485 3117 610 3211 prioris
633 3120 831 3194 accuratior
855 3121 1066 3215 explicatio,
1100 3123 1334 3199 &testritiio
1384 3122 1492 3198 Prius
1511 3125 1561 3197 de

408 3217 508 3314 regni
530 3215 697 3290 divisione
718 3216 812 3292 inter
831 3217 939 3294 duces
960 3215 1150 3296 Alexandri
1173 3223 1272 3320 agit,
1286 3219 1443 3318 posterius
1466 3243 1556 3297 vero

408 3317 542 3402 docet,
568 3335 641 3389 non
666 3329 803 3406 totum,
831 3339 936 3412 quam
959 3317 1030 3394 late
1054 3337 1172 3412 patet,
1206 3343 1246 3393 ea
1268 3323 1404 3394 ratione
1426 3321 1471 3394 ad
1493 3342 1561 3394 eoa

407 3411 628 3508 pervcnille,
654 3412 711 3486 sed
731 3428 847 3508 partes
865 3437 1010 3512 quoque
1023 3419 1206 3491 nonnullas
1221 3419 1264 3490 ab
1281 3420 1458 3493 extraneis
1473 3418 1557 3492 fuis⁴

408 3513 443 3583 l'c
457 3527 676 3604 occupatas3
703 3531 744 3584 ac
768 3509 792 3583 n
813 3512 932 3588 fuillet
953 3535 1009 3588 res
1031 3516 1171 3604 relicta,
1199 3516 1233 3588 &
1256 3517 1450 3610 promiscui
1465 3517 1563 3610 juris·

407 3607 517 3696 satia,
544 3630 646 3698 quarn
665 3609 811 3702 quisque
826 3610 995 3684 invadere
1012 3613 1045 3686 dc
1063 3613 1121 3686 fibi
1140 3634 1264 3704 rapere
1282 3614 1412 3707 potuit.

459 3709 491 3792 §.
507 3704 667 3779 XXXlV.
701 3705 797 3779 Prius
826 3709 1024 3783 membrum
1047 3709 1099 3783 his
1121 3712 1237 3784 uerbis
1252 3713 1482 3801 terminatur,
1510 3709 1554 3795 δ’

407 3802 572 3874 dividetur
585 3799 762 3896 secundum
784 3819 922 3898 quatuor
945 3823 1059 3880 ventos
1081 3812 1169 3897 celi,
1193 3806 1336 3902 sednon
1362 3816 1447 3884 inter
1468 3808 1562 3906 pulis

404 3922 471 3972 cros
494 3898 573 3994 ejus.
638 3898 708 3974 Ubi
729 3901 925 3980 notandum
948 3902 1025 3996 est,
1067 3903 1337 4002 upilionum
1359 3907 1557 3982 Alexandri

418 4013 424 4026 ¹
1490 4004 1547 4078 hic
