3426 4756
421 335 1410 490 2ss‘n1ssanrnrrouts

427 579 640 676 inpiorum,
664 568 916 669 mnspeetum,
941 571 1001 664 qui
1029 570 1098 670 legi
1107 549 1283 646 'nuncium
1298 569 1490 649 miserante
1518 588 1571 650 at·

428 695 570 765 tamen,
596 673 691 768 quod
715 673 772 746 hic
796 669 1009 765 requiritur,
1035 691 1106 764 quo
1121 669 1231 744 niodo
1249 667 1448 746 Antiochus
1467 689 1576 768 caput

425 781 519 850 inter
541 771 654 846 stellas
677 771 824 856 extulit,
845 763 1028 863 ⁸apostata
1053 787 1126 841 non
1150 767 1339 842 interram
1363 771 1576 864 precipitati

369 897 372 906 ’
428 871 465 950 u
487 867 686 946 conculcati
713 869 756 942 ab
778 865 980 953 Antiocho,
1013 884 1140 938 verum
1161 863 1198 937 in
1222 864 1311 936 coelo
1331 867 1450 958 potius
1466 869 1578 942 collo·

296 967 299 976 ’
428 969 499 1044 cati
519 966 653 1041 censeri
668 963 821 1052 debent,
847 978 887 1038 ut
900 983 943 1038 ex
959 981 1012 1058 gr.
1030 959 1154 1056 Jason,
1172 959 1376 1050 Menelaus,
1393 965 1575 1054 Alcimus,

428 1063 569 1162 profani
592 1062 711 1150 simul,
751 1059 850 1136 simul
878 1055 1068 1134 Pontifices
1094 1056 1309 1150 Judaeorurn.
1372 1059 1431 1134 An
1454 1059 1577 1156 itaque

430 1185 514 1238 cum
535 1161 608 1236 aliis
624 1161 669 1232 de
688 1157 759 1232 sola
774 1161 917 1232 munerat
931 1157 964 1230 u
978 1151 1073 1249 officii
1085 1153 1171 1228 sacri
1185 1154 1383 1246 privatione
1399 1157 1577 1254 interpre-

430 1259 608 1336 tabimur?
634 1277 702 1332 nec
724 1255 812 1330 illud
834 1255 939 1329 licet:
970 1253 1098 1348 partim
1119 1250 1215 1345 quod
1239 1250 1415 1346 phrasibus
1437 1278 1512 1330 non
1529 1257 1579 1330 sa-
1654 1316 1657 1327 .
1710 1291 1711 1342 ;

349 1363 353 1372 '
431 1357 602 1446 tissaciat,
629 1355 755 1448 partim
777 1351 875 1448 quod
898 1372 973 1426 non
993 1351 1029 1425 in
1045 1348 1235 1424 nonnullos
1251 1347 1498 1426 sacerdotes&
1511 1351 1579 1427 Le-
1710 1411 1711 1416 ,

432 1453 542 1543 vitu,
566 1469 607 1528 ut
625 1454 681 1528 hic
695 1451 843 1536 dicitur,
868 1448 927 1522 sed
944 1451 980 1522 in
994 1467 1118 1522 omnes
1135 1443 1293 1541 quadret.
1328 1445 1466 1526 Totum
1481 1451 1580 1530 enim

434 1552 571 1626 cultum
591 1547 788 1623 Massicum
803 1567 883 1620 cum
898 1543 975 1638 ipso
989 1545 1124 1639 templo
1140 1542 1343 1637 profanavit
1355 1545 1579 1648 Antiochus,

433 1669 502 1726 nec
524 1647 585 1720 ulli
601 1645 742 1738 reliquit
756 1642 876 1737 patriae
890 1641 1069 1739 religionis
1083 1639 1311 1729 exercitiumt
1336 1643 1468 1738 dequo
1483 1667 1578 1724 ntor.
1709 1721 1711 1748 1

433 1742 578 1821 Rectius
599 1742 704 1840 igitur
725 1741 769 1814 de
791 1737 1025 1835 indignillimis
1041 1741 1076 1813 ἂ
1091 1735 1326 1814 crudeliffimts
1343 1742 1480 1832 modis,
1504 1745 1581 1838 qui·
1710 1771 1711 1850 3

434 1843 501 1916 bus
524 1841 704 1934 improbus
722 1855 893 1930 tyrannus
910 1836 1072 1930 personas
1089 1835 1215 1928 sacru,
1242 1833 1376 1933 &legis
1388 1857 1580 1932 patronos,

437 1933 620 2024 tractavit,
644 1957 775 2009 manoe
800 1955 874 2008 non
891 1949 1028 2008 tantum
1040 1933 1234 2026 privando,
1259 1934 1355 2027 quod
1372 1957 1446 2012 non
1462 1939 1581 2013 exclu-

437 2034 508 2124 do,
533 2029 593 2106 sed
613 2031 789 2126 &partim
804 2029 1008 2126 spoliando,
1031 2029 1157 2124 partim
1172 2029 1428 2122 venundando,
1453 2038 1581 2129 partim

438 2130 539 2207 ferro
566 2129 599 2205 a
624 2129 772 2204 flammis
792 2127 1013 2216 occidendo,
1044 2127 1171 2222 partim
1218 2127 1374 2203 uibusvis
1398 2148 1580 2208 contume-

438 2230 495 2304 liis
529 2227 763 2323 exponendo,
802 2223 942 2322 phrases
969 2226 1137 2320 capimus.
1193 2149 1235 2350 δ
1656 2319 1661 2336 .

441 2327 575 2404 nemini
597 2349 671 2402 non
694 2339 810 2416 notae,
842 2324 1051 2418 respondet,
1076 2322 1150 2395 imo
1172 2325 1520 2424 neataeeeeaedpno
1531 2343 1585 2425 pa.

1231 2225 1303 2300 uod
1332 2243 1373 2302 ut
1400 2226 1583 2322 historiae,
1709 2215 1711 2236 ⁴

437 2427 555 2523 pulum
574 2427 794 2499 cmtulcotum
813 2420 938 2512 fuisse,
962 2423 1011 2496 ait
1031 2441 1052 2494 a
1074 2419 1190 2492 Mace.
1210 2440 1319 2494 virt:
1342 2443 1376 2497 a.
1399 2423 1447 2498 fic
1460 2423 1586 2519 phrafi·
1709 2493 1710 2514 p

442 2523 507 2600 bus
535 2523 679 2596 &locis
697 2519 868 2614 parallelis
891 2517 1007 2592 exatie
1030 2515 1211 2590 convenit.
1275 2517 1326 2591 lta
1347 2541 1425 2614 cap.
1447 2544 1509 2598 xi:
1528 2545 1585 2618 33.
1708 2519 1710 2594 l

443 2634 475 2692 et
501 2617 635 2730 doslares
648 2621 775 2804 ssapali
800 2619 918 2688 multos
943 2615 1073 2687 reddent
1095 2616 1343 2710 intelligentes,·
1384 2617 1587 2693 &corruam
1709 2639 1710 2644 ’

442 2713 573 2899 {tlsadgzgf
596 2712 634 2879 gt
646 2830 685 2880 ex
699 2805 873 2880 elatioribus
888 2821 1037 2880 conant
1050 2811 1153 2904 aliqui
1166 2808 1233 2884 dac.
1271 2807 1343 2908 Qui
1360 2834 1433 2907 cap.
1450 2835 1531 2889 xre:
1551 2835 1587 2890 2.

446 2903 637 2980 dormientes
660 2909 697 2976 in
716 2907 854 2998 pulvere
876 2917 970 2978 terra
990 2904 1149 2980 audiunt.
1208 2905 1267 2978 De
1290 2929 1362 3000 quo
1383 2909 1480 2984 adea
1493 2911 1587 2988 loca.

445 3001 574 3076 Robur
586 2999 683 3075 addit
696 3000 795 3074 locus
809 3000 925 3094 Apoc.
942 3023 982 3076 xr
993 3024 1023 3076 1:
1037 3025 1072 3094 4
1086 3003 1141 3092 ‘ad
1159 3001 1317 3080 nostrum
1330 3005 1528 3101 expressus,
1555 3022 1589 3082 et

682 2734 806 2798 amma,
825 2711 876 2783 -δι
897 2716 1112 2805 captivitate,
1145 2710 1407 2806 despoliatione:
1432 2737 1590 2794 necnon
1709 2745 1710 2748 ’

447 3098 551 3176 cauda
571 3099 641 3193 ejus
663 3099 809 3170 trahebat
830 3103 962 3172 tertiam
979 3115 1107 3196 partem
1120 3097 1295 3192 stellarum
1313 3107 1402 3186 tali,
1428 3120 1460 3180 et
1473 3107 1592 3202 abjecit
1708 3163 1709 3172 r

448 3217 501 3270 ear
522 3201 558 3268 ia
583 3211 716 3269 terram.
774 3193 855 3270 Nec
876 3196 1065 3288 abhorret,
1098 3198 1195 3290 quod
1218 3197 1262 3271 de
1286 3221 1369 3297 tege
1391 3200 1591 3297 Babylonio

447 3293 554 3378 habet
574 3290 643 3386 Jes.
667 3313 748 3368 xtv:
772 3313 828 3368 12.
877 3291 1038 3392 Quomodo
1058 3293 1199 3388 cecidisti
1220 3296 1256 3370 de
1276 3295 1368 3390 c'ulo,
1398 3303 1593 3398 phosphore,

439 3387 499 3486 fili
520 3394 667 3463 aurora!
691 3387 833 3484 excisus,
856 3393 992 3483 deieiim
1008 3415 1039 3465 es
1054 3395 1089 3468 in
1105 3407 1235 3472 taram.

498 3491 530 3580 §.
548 3485 673 3562 XXlll.
724 3509 759 3563 a.
783 3489 861 3563 Hac
878 3490 1048 3563 violentia
1067 3490 1102 3562 in
1118 3491 1291 3586 populum
1306 3489 1375 3566 Dei
1390 3494 1595 3572 &rectores

447 3607 489 3660 ac
515 3583 676 3658 doctores
698 3606 772 3659 non
792 3602 986 3660 contentus·
1001 3586 1224 3676 Antiochus,
1249 3585 1361 3682 ipsum
1379 3597 1504 3667 cultam
1521 3595 1594 3670 Dei

448 3681 510 3766 libi
533 3681 809 3778 oppugnandum
837 3683 871 3756 da
898 3681 1148 3758 destruendum
1172 3681 1306 3774 sums1t;
1341 3711 1418 3781 quae
1439 3693 1596 3769 ulterior
1707 3723 1708 3726 ¹

445 3777 496 3850 est
519 3777 708 3868 tyrannidis
730 3778 907 3874 gradatio,
933 3779 981 3855 vs.
1006 3801 1060 3854 11.
1085 3779 1136 3852 his
1159 3785 1275 3857 verbis
1292 3785 1464 3880 expressa:
1493 3803 1527 3862 et
1542 3811 1597 3865 ur·
1703 3831 1707 3854 ι

443 3898 502 3971 que
524 3877 567 3946 ad
583 3879 766 3972 principem
785 3883 944 3953 exoritur
957 3881 1051 3953 illius
1062 3872 1126 3973 sese
1139 3882 1282 3970 extulit‚·
1306 3897 1338 3956 et
1353 3886 1393 3958 ab
1408 3881 1473 3982 ipsa
1485 3885 1601 4060 absthai
