3440 4774
421 371 493 447 666
588 332 1422 446 colauu'n'rnutus

425 574 481 643 ro,
508 569 666 650 argento,
692 557 798 654 lapide
818 551 976 652 pretioso,
1010 549 1054 636 ὅ
1069 547 1328 646 defileraliulus
1344 537 1451 627 r'ebttl.
1502 539 1594 652 Qua

421 653 516 726 'adeo
541 653 690 728 diversas
714 671 933 748 pepererunt
957 651 1234 746 explicationes,
1268 649 1350 722 alias
1372 651 1447 724 aliis
1463 655 1590 746 proba·

424 751 592 842 biliores,
620 751 733 826 &vel
756 753 799 826 ad
820 743 1064 840 Antiochum,
1098 749 1158 823 vel
1174 748 1379 839 Romanos,
1406 751 1465 821 vel
1485 749 1586 824 Anti-

423 847 592 924 christum
616 849 891 944 adplicationeS,
916 864 958 924 ut
979 871 1060 927 curn
1083 869 1140 921 eas
1164 846 1374 936 recensere,
1401 845 1491 920 &ad
1510 869 1583 920 cra·

423 967 509 1023 men
535 969 735 1038 revocare,
775 949 877 1023 nimis
902 946 1083 1022 taediolum
1105 945 1235 1033 fuerit,
1261 959 1340 1020 tum
1364 945 1423 1020 vix
1449 945 1509 1018 ubi
1524 967 1583 1038 pe·

423 1045 507 1118 dem
530 1043 647 1120 fixeris
667 1046 881 1140 relinquant.
930 1045 1006 1120 Suo
1023 1045 1142 1136 itaque
1159 1043 1243 1117 loco
1256 1043 1297 1116 iis
1316 1041 1463 1131 relidtis,
1488 1064 1582 1119 meas

421 1143 685 1242 cogitationes,
720 1141 904 1238 hypothesr
926 1141 1029 1236 supra
1048 1139 1147 1236 jauae
1168 1140 1213 1213 de
1239 1138 1424 1215 Antiocho
1449 1145 1593 1214 conve·'

382 1260 397 1292 ⁹
420 1239 583 1331 nienter,
609 1240 644 1316 in
667 1243 823 1317 medium
846 1238 1028 1336 protulille
1053 1237 1256 1328 suffecerit,
1280 1259 1327 1312 ne
1347 1239 1455 1314 nimia
1475 1239 1579 1331 proli·

325 1345 330 1353 '
423 1339 533 1414 xitate
555 1337 730 1416 fastidium
750 1361 882 1416 creem.
905 1425 908 1428 ,
934 1335 1084 1412 Versum
1102 1336 1213 1432 prima
1229 1335 1310 1410 vice
1325 1336 1511 1411 meditanti
1528 1337 1580 1410 ni·

316 1431 332 1444 ”
421 1435 471 1509 hil
500 1438 714 1531 probabilius
747 1438 859 1514 visum
884 1429 954 1525 cst,
988 1448 1114 1529 quarn,
1149 1433 1245 1528 quod
1265 1433 1426 1525 Seruio,
1459 1432 1578 1510 Dodlo

420 1533 636 1628 Interpreti,
662 1556 706 1607 cx
732 1551 831 1628 parte
852 1536 889 1607 in
905 1547 1063 1608 mentem
1079 1553 1221 1627 quoque
1236 1529 1370 1605 venille
1386 1527 1505 1634 postea
1527 1534 1578 1606 in·

420 1631 566 1720 tellexi,
593 1631 901 1725 divitiasuopes,
929 1649 1132 1722 numenque
1145 1629 1185 1702 iis
1201 1628 1446 1723 praeposrtum,
1472 1630 1580 1706 titulo

418 1726 491 1801 Dei
513 1735 785 1812 munimentorum
807 1727 980 1823 inllgniri,
1014 1725 1222 1814 &insanum
1236 1723 1410 1801 Antiochi
1426 1725 1575 1804 studium

419 1823 453 1896 δι
484 1821 682 1900 institutum
710 1826 747 1899 in
776 1825 838 1915 iis,
864 1845 1080 1919 quocunque
1105 1823 1214 1900 modo
1235 1846 1300 1919 per
1321 1822 1373 1898 fas
1399 1825 1431 1898 u
1455 1823 1575 1916 nefas,

418 1919 647 1994 corradendis
670 1943 711 1994 ac
741 1922 1016 2014 coacervandis,
1056 1921 1223 2020 depingi,
1261 1938 1424 2015 tanquam
1453 1945 1574 2001 veram

417 2019 493 2112 ejus
519 2017 747 2114 religionem,
785 2019 818 2093 u
851 2018 1050 2094 facinorum
1073 2020 1147 2111 ejus
1169 2018 1414 2113 improborum
1437 2021 1573 2099 causam

322 2143 344 2170 ³
415 2115 450 2190 da
475 2116 660 2214 originem.
709 2115 827 2218 Quam
843 2115 1055 2211 hypothefin
1071 2117 1270 2210 phrafibus,
1293 2115 1572 2213 scopodanerul

416 2216 609 2305 orationis,
635 2213 731 2289 reue
754 2213 990 2312 respondere,
1029 2212 1124 2302 &in
1145 2213 1365 2291 Antiochum
1388 2231 1469 2310 apte
1494 2240 1575 2310 qua.

415 2312 539 2403 drare,
562 2334 609 2389 ne
631 2313 709 2408 quis
731 2335 810 2390 earn
833 2327 967 2392 temcre
982 2311 1184 2408 adoptatam
1200 2312 1362 2406 censeat,
1389 2329 1572 2412 quantum-

373 2457 374 2464 ¹
413 2413 686 2512 potebrevibus
704 2410 910 2489 adfirmabo
1391 2469 1395 2476 ·

461 2517 493 2604 ς.
516 2505 656 2584 CXCV.
684 2508 863 2600 Divitias,
895 2525 935 2586 ut
956 2508 1041 2585 inde
1060 2510 1197 2600 ordiar,
1230 2511 1301 2587 Dei
1324 2511 1383 2586 vel
1404 2512 1490 2587 idoli
1514 2535 1570 2589 or·

344 2615 348 2624 '
412 2612 489 2688 nari
513 2606 653 2706 elogio,
680 2607 713 2679 &
736 2607 926 2682 insatiabile
943 2610 1029 2682 illud
1043 2609 1193 2683 habendi
1211 2607 1363 2685 studrum
1379 2612 1570 2687 idololatria

413 2724 502 2782 nota
522 2708 634 2792 inuri,
660 2704 746 2777 nihil
766 2729 786 2779 a
807 2703 885 2781 stilo
906 2706 1128 2800 Scriptorum
1151 2707 1330 2784 sacrorum
1354 2708 1387 2780 da
1409 2713 1568 2786 exotico.

412 2825 515 2887 rum,
539 2816 607 2872 autw
623 2821 724 2872 more
751 2799 943 2891 Veterum,
968 2817 1031 2877 aut
1051 2803 1196 2898 reipsa,
1223 2807 1385 2882 continet
1397 2807 1568 2886 alienum.

412 2897 542 2972 Virum
567 2915 676 2987 quum
701 2913 874 2973 memorat
897 2898 1048 2989 Psaltes,
1075 2902 1156 2995 qui,
1181 2901 1255 2998 Deo
1269 2931 1337 2990 una
1354 2901 1498 3000 artesua
1512 2929 1566 2978 re·

410 2995 504 3084 11116,
524 2988 605 3086 fidit
620 2993 772 3083 diuitiis,
788 2993 840 3071 Ps.
856 3017 918 3072 tn:
939 3019 972 3091 9.
998 3019 1082 3074 curn
1096 3000 1235 3075 divitias
1250 3022 1316 3096 pro
1330 2998 1400 3073 Deo
1414 3028 1498 3090 unna
1511 3027 1568 3077 ur·

411 3097 521 3182 tium,
547 3109 589 3164 ut
610 3088 732 3166 nostro
754 3093 860 3184 loco,
886 3096 1036 3187 habere,
1060 3096 1243 3174 manifeste
1267 3095 1446 3197 fignificat.
1498 3101 1571 3192 Job

410 3211 571 3286 quoque,
588 3185 627 3286 se
649 3213 766 3266 aurunt
786 3189 877 3290 pofiaz'
905 3190 1094 3288 efiducium
1105 3195 1225 3292 suam,
1259 3197 1303 3282 69⁹
1329 3199 1567 3274 1666161666-

408 3311 444 3362 ro
468 3285 607 3386 dlxiffe,
634 3286 827 3384 confidentia
867 3316 930 3381 ua,
955 3315 1086 3390 negans
1109 3317 1143 3371 6.
1166 3317 1258 3370 xxxi:
1279 3317 1336 3386 24.
1363 3319 1485 3372 aurum
1499 3319 1564 3391 per

408 3385 578 3486 inhgncm
611 3387 895 3484 prosopopoeian
929 3391 1066 3466 inducit
1095 3407 1259 3487 tanquam
1282 3397 1402 3470 idolum
1424 3397 1535 3469 mundi
1548 3447 1565 3489 ,

405 3487 488 3582 quod
504 3506 608 3558 omnes
616 3479 704 3578 flexo
721 3510 807 3582 genu
821 3511 859 3560 uc
877 3491 965 3561 corde
981 3491 1116 3564 adorant
1125 3517 1142 3581 ,·
1161 3506 1202 3566 ut
1216 3493 1263 3570 'roi
1279 3490 1372 3565 reue
1389 3492 1443 3567 cl.
1460 3497 1563 3570 Com·

405 3600 606 3672 mentator,
633 3583 665 3655 da
687 3581 834 3678 sequent
856 3587 972 3660 oratio
990 3587 1130 3664 edocet.
1188 3588 1462 3686 Sapientiffimus
1478 3615 1563 3687 quo·

385 3703 475 3774 ‚que
503 3703 653 3780 regum,
688 3703 804 3758 arcem
833 3683 914 3776 justi
944 3683 1185 3774 fortillrmam,
1226 3687 1286 3763 seu
1307 3689 1432 3764 turrim
1457 3691 1559 3785 asyli,

401 3776 548 3869 jehovae
571 3799 724 3868 nomen,
757 3781 791 3856 dc
814 3785 1011 3878 opulentum
1033 3785 1152 3858 divitis
1170 3791 1340 3868 ciuitatem
1352 3782 1559 3884 sortlffimam

396 3875 487 3968 ejus,
512 3875 632 3952 fecum
652 3897 843 3972 opponens
872 3880 982 3962 Prou.
1002 3899 1101 3958 xvuu
1128 3905 1185 3974 10,
1214 3906 1292 3978 tn,
1319 3883 1448 3960 eodem
1466 3885 1559 3960 clare

1424 3983 1552 4072 tendit,
