3456 4784
440 403 1424 554 440c0nntrrnrnn1us

409 631 412 638 “
444 645 563 704 terram
572 627 682 724 stram.
732 619 840 724 Quod
851 623 1009 722 posterius
1024 620 1186 696 insulsum
1203 623 1305 716 plane
1321 623 1390 713 est3
1417 647 1484 699 nec
1498 631 1596 723 prius

447 730 518 803 sese
540 730 615 800 ullo
641 725 750 799 nrodo
773 727 864 797 tueri
879 721 1005 816 potest.
1058 741 1088 791 1.
1106 721 1200 817 Quia
1214 722 1250 792 in
1266 737 1336 794 tarn
1354 725 1454 794 brevi
1471 729 1595 800 vatici·

447 829 509 900 nio
530 823 750 897 inteleranda
774 821 871 894 soret
892 818 1105 914 tautologia,
1132 817 1191 889 seu
1209 818 1341 890 inutilis
1356 823 1526 912 repetitio
1540 847 1595 896 re.

447 923 539 996 ditus
570 920 747 992 Ptolcmaei
771 921 807 993 in
829 919 1054 1013 Aegyptum,
1080 915 1189 986 modo
1212 914 1279 1000 ianr
1300 920 1504 1007 memorati,
1532 923 1596 994 rni-

447 1043 514 1093 nus
535 1019 642 1090 etianr
663 1015 829 1104 serenda,
863 1014 956 1106 quod
977 1008 1109 1107 gloriose
1133 1012 1169 1083 in
1192 1015 1396 1108 Aegyptum
1415 1015 1595 1092 rediturus

447 1117 609 1210 proxime
628 1115 664 1186 in
677 1113 814 1184 scenam
829 1127 904 1184 erat
921 1107 1128 1203 produslus,
1143 1109 1199 1182 hic
1212 1109 1415 1200 srmpliciter
1429 1127 1596 1207 tanquam

445 1216 631 1296 rediturus,
657 1207 723 1281 acsr
749 1209 858 1295 nihil,
890 1204 1109 1301 praestieiffet.
1161 1229 1194 1278 2.
1220 1205 1332 1302 Quia,
1365 1207 1389 1278 li
1409 1229 1468 1281 rex
1489 1209 1595 1301 auslrr'

447 1311 544 1384 soret
565 1305 754 1400 subjedlum
768 1307 957 1395 orationis,
973 1326 1047 1377 non
1062 1303 1264 1394 srmpliciter
1280 1325 1438 1398 regnam,
1451 1305 1594 1401 inquod

443 1409 608 1493 veniret,
635 1402 769 1477 dixisset
784 1403 975 1496 propheta,
992 1399 1072 1489 sed,
1088 1405 1180 1495 quale
1195 1397 1238 1481 ἐξ
1256 1400 1347 1494 cujus
1362 1399 1404 1473 srt
1420 1425 1594 1499 regnum,

448 1501 639 1577 addidisset.
691 1522 723 1593 3.
745 1498 839 1598 Quia
861 1523 919 1572 rear
936 1495 1040 1590 austri
1054 1519 1128 1570 non
1145 1496 1265 1570 fuisset
1278 1497 1488 1592 adpellatus,
1515 1501 1595 1595 sed,

449 1620 490 1675 ut
513 1602 549 1674 in
572 1599 633 1672 fin.
655 1595 775 1670 versus
797 1595 1050 1690 precedentis,
1086 1593 1172 1690 ipse:
1198 1613 1240 1667 ut
1264 1594 1307 1666 de
1329 1595 1457 1671 eodern
1479 1601 1595 1675 conti·

448 1718 558 1772 nuare
581 1695 780 1770 sermonem
801 1693 1024 1768 indicaretur.
1090 1691 1181 1788 Rege
1202 1689 1323 1784 Austri
1344 1693 1507 1789 expresso
1534 1721 1596 1772 no-

449 1797 605 1882 minat0,
631 1791 799 1864 indicium
824 1789 894 1878 est,
920 1790 963 1862 de
985 1789 1054 1862 alio
1077 1786 1153 1861 fieri
1171 1787 1387 1864 sermonem.
1443 1815 1478 1884 4.
1503 1793 1597 1893 Quia

447 1891 610 1986 proxime
640 1889 795 1961 colraeret
816 1909 897 1974 curn
928 1911 1001 1980 rege
1025 1885 1260 1981 Septentriones
1274 1912 1288 1974 ,·
1322 1887 1365 1959 de
1393 1909 1466 1982 quo
1489 1913 1599 1970 nemo

450 2011 524 2062 non
546 2009 591 2059 ex
609 1985 776 2059 sermonis
800 2002 927 2058 tenore
950 1984 1171 2080 cogitaverit.
1228 1984 1284 2056 Sic
1308 1985 1403 2060 euim
1425 1985 1505 2061 fluit
1519 2011 1598 2065 ora·

449 2087 524 2161 tior
551 2082 614 2179 ipse
630 2082 715 2179 (rex
738 2079 864 2180 austri)
879 2079 983 2172 stelit
1001 2104 1108 2176 orege
1123 2081 1380 2176 Septentrionis,
1406 2081 1449 2165 ἃ
1463 2093 1597 2180 ueniet,

449 2183 583 2257 scilicet
595 2203 656 2254 rex
673 2179 930 2274 Septentriones,
947 2180 1005 2252 vel
1025 2185 1080 2273 qui
1094 2183 1203 2252 ueniet
1218 2184 1253 2250 in
1266 2201 1402 2274 regnum
1424 2189 1509 2278 regis
1524 2181 1597 2259 Au·

358 2301 360 2308 ’
440 2273 509 2375 stri
534 2281 598 2350 &c
646 2299 681 2368 5.
705 2277 900 2370 Denique,
936 2279 1018 2372 quia
1038 2297 1125 2350 mox
1149 2275 1238 2352 vers
1268 2297 1323 2349 to.
1350 2273 1393 2359 ὅ
1407 2273 1505 2372 filius
1529 2284 1597 2379 ejus

450 2378 563 2476 (regis
587 2377 869 2473 Septentrionis)
892 2395 957 2448 nos
972 2374 1015 2447 ad
1031 2395 1150 2469 regern
1165 2373 1372 2465 Aquilonis,
1390 2376 1495 2452 versu
1510 2401 1597 2473 prae·

447 2477 598 2548 cedente
624 2491 880 2563 memoratum,
914 2469 1097 2545 manifeste
1122 2471 1230 2543 ducit.
1280 2470 1338 2543 De
1358 2473 1517 2550 adventu
1537 2479 1596 2552 ita·

448 2595 516 2665 que
539 2573 575 2642 in
596 2591 744 2665 regnum
768 2572 857 2665 regis
881 2568 998 2641 Austri
1020 2569 1079 2640 lric'
1101 2569 1154 2664 agi
1179 2565 1231 2639 Cl.
1247 2569 1420 2660 Cocceius
1435 2573 1532 2646 recte
1547 2575 1597 2647 vi·

448 2671 524 2744 dit:
551 2667 630 2752 sed,
655 2687 737 2737 curn
760 2665 937 2758 expeditio
958 2665 1049 2760 regis
1072 2664 1332 2758 Septentrionis
1355 2668 1391 2740 in
1414 2667 1501 2742 illud
1518 2693 1595 2768 reg-

448 2787 535 2839 nurn
556 2762 615 2854 ipsi
637 2763 673 2833 in
699 2778 856 2834 mentem
877 2783 951 2834 non
972 2761 1133 2850 veniret,
1149 2759 1269 2855 seditio
1287 2785 1373 2836 vero
1386 2764 1422 2835 in
1436 2765 1503 2839 isto
1516 2790 1596 2865 reg.

446 2883 496 2934 no
518 2874 665 2943 coorta,
700 2877 798 2948 quae,
835 2853 922 2929 teste
946 2856 1084 2947 Justlno
1106 2879 1143 2943 a,
1177 2857 1288 2949 ipsum
1316 2861 1350 2934 in
1370 2880 1514 2956 regnum
1538 2886 1594 2936 re·

448 2955 572 3040 traxit,
596 2949 721 3046 praesto
745 2951 850 3038 ellet,
875 2953 962 3025 illud
985 2952 1159 3045 adripuit,
1182 2955 1216 3028 u
1240 2963 1352 3030 uenire
1374 2980 1436 3052 per
1458 2959 1594 3055 ellipsin

446 3053 543 3144 cepit
564 3050 607 3122 de
631 3047 723 3143 casa,
752 3051 810 3142 qui
833 3052 870 3122 in
890 3071 1001 3146 regno
1026 3051 1175 3140 accidit,
1208 3072 1371 3144 vertens;
1402 3064 1512 3130 veniet
1536 3061 1593 3133 ali·

446 3149 529 3243 quid
553 3153 588 3220 in
613 3169 709 3242 regno
732 3152 818 3242 regis
841 3143 974 3238 Auslri.
1025 3147 1161 3224 Verum
1190 3171 1220 3222 r.
1238 3171 1319 3224 curn
1334 3153 1524 3248 gloriosum
1540 3178 1592 3230 re-

446 3250 499 3344 gis
521 3243 639 3320 Austri
661 3245 811 3319 reditum
836 3243 872 3318 in
896 3244 1101 3343 Aegyptum
1114 3247 1184 3338 jam
1199 3248 1307 3321 modo
1323 3249 1590 3346 consignaverat

446 3344 642 3440 propheta,
677 3341 720 3413 de
741 3341 890 3418 durabili
909 3365 1050 3436 quoque
1079 3347 1153 3433 ejus
1177 3341 1342 3434 fortuna,
1369 3349 1520 3424 rediturn
1542 3349 1589 3423 se·

445 3459 548 3530 cuta,
575 3437 728 3527 dixilsct3
756 3439 838 3531 quid
858 3441 1011 3514 eundern
1032 3441 1184 3513 reditum
1199 3459 1361 3535 repetere
1385 3445 1590 3522 adtinebat?

445 3540 528 3632 quid
542 3539 660 3634 seditio
682 3538 762 3625 illa,
789 3537 825 3610 in
847 3559 960 3634 regno
983 3554 1081 3624 orta,
1107 3535 1150 3608 ad
1165 3559 1239 3612 rem
1255 3540 1344 3613 adeo
1358 3539 1530 3633 faciebat,
1555 3545 1590 3618 dc

444 3637 588 3732 scopurn
605 3635 818 3727 prophetia,
852 3650 891 3707 ut
910 3633 1087 3726 expresse,
1112 3635 1225 3707 alieno
1243 3635 1343 3723 loco,
1372 3662 1590 3716 commemo·

313 3767 317 3782 ·
442 3737 509 3809 rari
533 3731 721 3806 debuerit?
747 3753 779 3803 2.
800 3727 914 3803 Veniet
938 3754 1004 3824 pro
1020 3732 1145 3824 aliquid
1160 3733 1284 3808 veniet
1301 3735 1357 3806 cui
1372 3759 1445 3810 non
1461 3738 1587 3815 durum

444 3830 630 3910 videatur?
656 3829 804 3904 maxime
817 3829 888 3902 hoc
901 3831 938 3904 in
955 3829 1092 3924 capite,
1117 3827 1178 3902 ubi
1192 3829 1235 3902 de
1249 3831 1426 3926 personis,
1450 3857 1588 3910 earum·

1518 3953 1587 4028 qli&

477 4047 533 4108 ul.
556 4064 580 4106 c.
