3456 4784
407 406 479 502 3⁸4
574 309 1394 492 nrtsrurar'ronts

432 577 495 665 λς.
514 563 641 642 XXXI.
704 581 738 652 3.
762 552 962 633 Rationes,
1000 558 1105 635 quare
1137 551 1285 630 regnum
1307 529 1442 604 Mesliae
1473 548 1560 612 mox

418 666 749 772 adnesriturregno
772 645 1022 757 Maccabaico,
1063 635 1157 708 nulla
1179 627 1328 724 prolapss
1350 627 1438 701 illius
1461 625 1564 738 regrri

415 767 749 941 {titillata
764 723 1568 920 ilthtlttlihll?tillia.‚nih

421 962 557 1045 solute,
581 952 641 1028 sed
659 942 834 1029 restricte,
857 935 984 1032 partim
1006 929 1049 1002 ad
1062 928 1139 999 illos
1156 921 1308 1018 populos
1322 920 1452 1010 relate,
1481 941 1570 1012 quo·

421 1081 501 1135 rum
514 1057 634 1152 jugum
649 1047 778 1120 tulerat
795 1033 944 1134 populus
958 1027 1120 1135 Judaeus,
1145 1043 1164 1092 a
1180 1039 1254 1133 quo
1266 1039 1329 1109 per
1344 1017 1568 1128 Maecabaeot

422 1158 472 1230 ita
495 1150 546 1224 est
568 1149 754 1228 liberatus,
779 1152 819 1211 ut
842 1125 1138 1244 nunquamtabtns
1152 1114 1280 1209 ahquid
1295 1116 1441 1226 amphus¹
1456 1113 1568 1225 suerit

424 1249 557 1351 ὠὴ
583 1243 712 1411 ..q-a..
727 1208 1573 1406 ³31gillaidiiillegiilhlividis’nsi'-

426 1361 905 1532 veitgffvreejhldnhlosnsummata
927 1417 971 1514 est
989 1341 1167 1515 (ihtellig'e
1183 1365 1228 1481 de
1241 1363 1344 1503 poena
1357 1361 1571 1503 iniquitatis)

427 1471 520 1618 &ilia
547 1535 698 1628 Tflonea:
730 1552 795 1602 non
813 1534 925 1621 perget
955 1513 999 1588 Te
1021 1513 1188 1606 captivam
1209 1505 1380 1591 obducere,
1416 1504 1498 1576 Am.
1522 1525 1573 1579 rx:

430 1660 489 1732 15.
539 1635 616 1709 Hac
638 1630 674 1701 in
696 1625 867 1700 relatione
886 1617 928 1689 ad
943 1633 1051 1708 regna
1066 1604 1223 1682 Orientis
1238 1623 1318 1675 cum
1334 1599 1576 1675 consideretur

354 1785 359 1800 ι
432 1753 583 1831 regnum
604 1723 870 1808 Maccabaicum
893 1713 929 1786 in
951 1707 1028 1782 visas
1054 1705 1169 1791 Dana,
1203 1700 1247 1774 ut'
1257 1697 1483 1771 clarissimum
1503 1696 1574 1787 est,

434 1833 574 1910 nullum
598 1843 715 1896 novae
740 1811 943 1891 calamitatis
965 1805 1098 1901 signum
1119 1801 1176 1874 hic
1197 1816 1408 1882 occurrere,
1441 1795 1499 1868 cui
1514 1797 1576 1868 mi.

435 1949 516 2004 rum
542 1918 708 1995 accidat?
747 1913 815 1988 Sed
847 1914 903 1998 β.,
940 1900 1113 1976 Ecclesrae
1145 1895 1271 1968 statum
1299 1894 1359 1966 ubi
1383 1891 1579 1989 depingunt

433 2021 656 2120 Prophetae,
690 2033 772 2088 eum
804 2009 904 2102 saepe
932 1990 1436 2090 contemplantur-secundum
1459 1995 1580 2082 initia,

434 2126 486 2198 rei
499 2133 674 2201 naturam,
687 2113 721 2188 dt
735 2107 805 2182 Dei
819 2101 970 2178 arretium
983 2088 1329 2182 irritationem,qualis
1347 2086 1415 2160 elie
1433 2087 1581 2175 debeat,

437 2223 475 2298 dt
496 2217 602 2292 etiam
618 2209 736 2300 foret,
761 2205 787 2280 fi
802 2200 951 2302 populus
965 2193 998 2266 ei
1013 2187 1271 2265 convenienter
1286 2183 1357 2258 sese
1375 2186 1524 2273 habeat,
1551 2183 1584 2260 dt
1715 2245 1717 2278 q

440 2318 502 2396 sua
526 2314 628 2408 culpa
651 2328 734 2381 eum
753 2326 827 2378 non
842 2306 1021 2396 pervertat
1038 2287 1071 2361 ἃ
1088 2282 1250 2359 destruat.
1278 2279 1430 2355 Ecclesra
1445 2283 1585 2356 Macca·
1716 2321 1717 2344 .

439 2415 562 2499 baica,
587 2429 654 2502 qua
677 2422 826 2500 regnum
846 2395 935 2482 Dei,
961 2389 1032 2463 hoc
1052 2384 1160 2459 oculo
1176 2380 1235 2454 hic
1249 2379 1283 2453 dt
1297 2378 1378 2454 alibi
1392 2378 1586 2453 considera·
1659 2437 1661 2442 ,

442 2511 525 2596 tur,
542 2528 625 2581 cum
638 2517 679 2576 ut
686 2499 800 2596 scopus
815 2493 884 2568 Dei
898 2493 935 2564 in
949 2488 1006 2560 illa
1021 2479 1174 2556 Ecclelia
1187 2477 1396 2552 vindicanda
1414 2475 1589 2551 &instau
1715 2464 1718 2535 '.

444 2603 555 2700 [rande
582 2600 811 2682 exhibeatur,
851 2583 934 2664 tum*
950 2598 1010 2672 ut,
1041 2581 1065 2654 s1
1088 2599 1143 2651 res
1167 2574 1269 2649 aliter
1288 2575 1412 2662 eadat,
1436 2576 1586 2671 populus

445 2704 517 2800 ipse
541 2711 718 2795 arguatur.
768 2687 865 2763 Num
889 2705 944 2756 res
963 2682 1065 2753 aliter
1081 2673 1121 2750 lit
1135 2672 1275 2760 sutura,
1300 2680 1403 2766 quam
1418 2661 1591 2768 scopus&

446 2807 575 2876 natura
595 2788 813 2868 liberationis
832 2778 1001 2874 requirit,
1032 2774 1132 2868 saepe
1155 2771 1218 2844 suo
1238 2769 1325 2844 loco
1348 2771 1592 2862 relinquitura
1719 2823 1720 2846 .

446 2891 655 2992 Prophetis,
690 2885 847 2980 quirem
868 2873 1060 2951 secundum
1082 2873 1203 2955 initia,
1233 2882 1389 2942 naturam
1412 2867 1446 2942 dt
1459 2862 1593 2962 scopum

450 2986 750 3084 contemplantur.
813 2977 908 3054 Hinc
936 2970 1015 3062 est,
1054 2965 1149 3063 quod
1172 2962 1326 3039 Ecclesia
1348 2963 1593 3052 Maccabaica,

452 3109 542 3186 quae
563 3081 635 3158 sese
657 3082 796 3177 lapidem
820 3071 923 3149 initio
945 3065 1136 3168 praestitit,
1161 3083 1379 3160 regnumque
1406 3061 1476 3136 Dei
1498 3059 1594 3134 exhi.
1719 3117 1720 3176 p

452 3184 552 3274 buit,
584 3179 712 3256 eodem
734 3175 797 3250 sub
825 3169 1035 3246 emblemate
1060 3183 1168 3256 usque
1188 3159 1232 3234 ad
1253 3159 1595 3236 consummationem

453 3285 530 3378 ejus
558 3281 596 3354 in
619 3297 731 3374 regno
753 3267 901 3345 Mesfiae
924 3283 1003 3364 apte
1026 3259 1250 3336 describatur.
1299 3255 1407 3357 Quod
1421 3257 1598 3332 emblema

317 3396 319 3404 ’
454 3383 491 3456 ei
518 3401 561 3454 ex
592 3397 681 3448 vero
709 3369 818 3467 aptari
845 3365 986 3464 potuit,
1032 3357 1129 3455 quod
1155 3357 1262 3430 lineas
1290 3357 1365 3444 ejus
1398 3353 1598 3449 aliquandiu

451 3475 656 3578 praebuerit
678 3463 968 3564 conspiciendas,
1010 3455 1175 3550 quodque
1211 3453 1310 3528 Deus
1339 3453 1490 3528 eandem
1519 3453 1595 3543 eius

455 3573 702 3652 conditionem
718 3566 761 3641 ad
776 3563 862 3664 illud
878 3578 988 3653 usque
1002 3571 1140 3648 tempus
1155 3549 1366 3624 conservare
1383 3550 1598 3636 intenderit,

456 3671 491 3747 dr
512 3667 733 3769 promiserit,
759 3661 866 3737 modo
880 3655 1031 3757 populus
1045 3652 1078 3722 ei
1094 3646 1163 3722 sese
1180 3669 1253 3720 non
1271 3662 1448 3744 opponat,
1472 3648 1601 3742 &pro

455 3768 545 3846 misfi
565 3765 815 3840 executionem
837 3753 1015 3852 impediat.
1097 3758 1162 3819 unt
1183 3745 1277 3818 enim
1300 3741 1601 3837 promisfiones&

453 3861 693 3964 praedisiioncs
706 3855 1100 3966 Prophetarumlnonnu
1147 3836 1603 4014 econditionataefflQluod

1163 3983 1166 3992 ⁴
1505 3955 1604 4030 egee
