<?xml version="1.0" encoding="UTF-8"?>
<!DOCTYPE html PUBLIC "-//W3C//DTD XHTML 1.0 Transitional//EN"
    "http://www.w3.org/TR/xhtml1/DTD/xhtml1-transitional.dtd">
<html xmlns="http://www.w3.org/1999/xhtml" xml:lang="en" lang="en">
 <head>
  <title>
</title>
<meta http-equiv="Content-Type" content="text/html;charset=utf-8" />
  <meta name='ocr-system' content='tesseract 3.04.00' />
  <meta name='ocr-capabilities' content='ocr_page ocr_carea ocr_par ocr_line ocrx_word'/>
</head>
<body>
  <div class='ocr_page' id='page_1' title='image "./dissertationesa00venegoog_0070.png"; bbox 0 0 3518 4748; ppageno 0'>
   <div class='ocr_carea' id='block_1_1' title="bbox 391 361 1444 466">
    <p class='ocr_par' dir='ltr' id='par_1_1' title="bbox 391 361 1444 466">
     <span class='ocr_line' id='line_1_1' title="bbox 391 361 1444 466; baseline 0 -20"><span class='ocrx_word' id='word_1_1' title='bbox 391 377 438 466; x_wconf 69' lang='lat'>5⁶</span> <span class='ocrx_word' id='word_1_2' title='bbox 559 361 1444 446; x_wconf 77' lang='lat' dir='ltr'>orssxnrarrouus·</span> 
     </span>
    </p>
   </div>
   <div class='ocr_carea' id='block_1_2' title="bbox 382 563 1655 2786">
    <p class='ocr_par' dir='ltr' id='par_1_2' title="bbox 385 563 1648 1824">
     <span class='ocr_line' id='line_1_2' title="bbox 393 563 1549 662; baseline -0.002 -17"><span class='ocrx_word' id='word_1_3' title='bbox 393 569 439 645; x_wconf 92' lang='lat' dir='ltr'>de</span> <span class='ocrx_word' id='word_1_4' title='bbox 457 589 579 644; x_wconf 89' lang='lat' dir='ltr'>earum</span> <span class='ocrx_word' id='word_1_5' title='bbox 595 567 749 642; x_wconf 87' lang='lat' dir='ltr'>veritate</span> <span class='ocrx_word' id='word_1_6' title='bbox 763 563 962 656; x_wconf 85' lang='lat' dir='ltr'>constaret,</span> <span class='ocrx_word' id='word_1_7' title='bbox 986 565 1045 639; x_wconf 91' lang='lat' dir='ltr'>vel</span> <span class='ocrx_word' id='word_1_8' title='bbox 1060 564 1103 640; x_wconf 88' lang='lat' dir='ltr'>ad</span> <span class='ocrx_word' id='word_1_9' title='bbox 1117 563 1266 641; x_wconf 86' lang='lat' dir='ltr'>historiae</span> <span class='ocrx_word' id='word_1_10' title='bbox 1282 564 1429 661; x_wconf 88' lang='lat' dir='ltr'>propius</span> <span class='ocrx_word' id='word_1_11' title='bbox 1444 585 1549 662; x_wconf 86' lang='lat' dir='ltr'>quam</span> 
     </span>
     <span class='ocr_line' id='line_1_3' title="bbox 385 662 1551 760; baseline -0.001 -19"><span class='ocrx_word' id='word_1_12' title='bbox 385 665 515 760; x_wconf 80' lang='lat' dir='ltr'>fabulo</span> <span class='ocrx_word' id='word_1_13' title='bbox 530 665 681 760; x_wconf 90' lang='lat' dir='ltr'>speciem</span> <span class='ocrx_word' id='word_1_14' title='bbox 705 665 904 739; x_wconf 81' lang='lat' dir='ltr'>accederet.</span> <span class='ocrx_word' id='word_1_15' title='bbox 955 662 1013 737; x_wconf 89' lang='lat' dir='ltr'>De</span> <span class='ocrx_word' id='word_1_16' title='bbox 1026 685 1099 758; x_wconf 93' lang='lat' dir='ltr'>quo</span> <span class='ocrx_word' id='word_1_17' title='bbox 1114 662 1215 757; x_wconf 88' lang='lat' dir='ltr'>supra</span> <span class='ocrx_word' id='word_1_18' title='bbox 1229 665 1415 758; x_wconf 86' lang='lat' dir='ltr'><strong>disputavi.</strong></span> <span class='ocrx_word' id='word_1_19' title='bbox 1440 662 1551 740; x_wconf 87' lang='lat' dir='ltr'>Deio·</span> 
     </span>
     <span class='ocr_line' id='line_1_4' title="bbox 395 757 1551 858; baseline -0.003 -20"><span class='ocrx_word' id='word_1_20' title='bbox 395 763 463 855; x_wconf 87' lang='lat' dir='ltr'>de,</span> <span class='ocrx_word' id='word_1_21' title='bbox 487 762 512 836; x_wconf 90' lang='lat' dir='ltr'>sr</span> <span class='ocrx_word' id='word_1_22' title='bbox 526 764 601 858; x_wconf 92' lang='lat' dir='ltr'>quis</span> <span class='ocrx_word' id='word_1_23' title='bbox 617 763 661 836; x_wconf 89' lang='lat' dir='ltr'>ab</span> <span class='ocrx_word' id='word_1_24' title='bbox 675 763 733 838; x_wconf 85' lang='lat' dir='ltr'>ilia</span> <span class='ocrx_word' id='word_1_25' title='bbox 746 762 917 857; x_wconf 87' lang='lat' dir='ltr'>opinione</span> <span class='ocrx_word' id='word_1_26' title='bbox 933 759 967 834; x_wconf 90' lang='lat' dir='ltr'>se</span> <span class='ocrx_word' id='word_1_27' title='bbox 981 761 1101 834; x_wconf 87' lang='lat' dir='ltr'>divelli</span> <span class='ocrx_word' id='word_1_28' title='bbox 1116 783 1191 836; x_wconf 88' lang='lat' dir='ltr'>non</span> <span class='ocrx_word' id='word_1_29' title='bbox 1205 762 1376 856; x_wconf 85' lang='lat' dir='ltr'>patiatur,</span> <span class='ocrx_word' id='word_1_30' title='bbox 1402 757 1551 854; x_wconf 75' lang='lat' dir='ltr'>transtro·</span> 
     </span>
     <span class='ocr_line' id='line_1_5' title="bbox 390 854 1553 1050; baseline 0 -20"><span class='ocrx_word' id='word_1_31' title='bbox 390 854 1553 1050; x_wconf 63' lang='lat' dir='ltr'>anemurum</span> 
     </span>
     <span class='ocr_line' id='line_1_6' title="bbox 387 980 1550 1146; baseline -0.002 -20"><span class='ocrx_word' id='word_1_32' title='bbox 387 1051 498 1129; x_wconf 88' lang='lat' dir='ltr'>faciet</span> <span class='ocrx_word' id='word_1_33' title='bbox 523 980 833 1146; x_wconf 44' lang='lat' dir='ltr'>ecrlrpeditionibus?</span> <span class='ocrx_word' id='word_1_34' title='bbox 868 1055 960 1124; x_wconf 76' lang='lat' dir='ltr'>illius</span> <span class='ocrx_word' id='word_1_35' title='bbox 979 1004 1016 1125; x_wconf 61' lang='lat' dir='ltr'>ir’r</span> <span class='ocrx_word' id='word_1_36' title='bbox 1037 1050 1191 1141; x_wconf 81' lang='lat' dir='ltr'>indiam,</span> <span class='ocrx_word' id='word_1_37' title='bbox 1223 1005 1314 1125; x_wconf 67' lang='lat' dir='ltr'>’teste</span> <span class='ocrx_word' id='word_1_38' title='bbox 1337 1052 1510 1128; x_wconf 72' lang='lat' dir='ltr'>Strabone</span> <span class='ocrx_word' id='word_1_39' title='bbox 1525 1053 1550 1125; x_wconf 93' lang='lat' dir='ltr'>l.</span> 
     </span>
     <span class='ocr_line' id='line_1_7' title="bbox 390 1145 1553 1244; baseline 0 -22"><span class='ocrx_word' id='word_1_40' title='bbox 390 1171 454 1224; x_wconf 87' lang='lat' dir='ltr'>xv.</span> <span class='ocrx_word' id='word_1_41' title='bbox 501 1205 510 1224; x_wconf 94' lang='lat'><strong>.</strong></span> <span class='ocrx_word' id='word_1_42' title='bbox 537 1172 640 1243; x_wconf 86' lang='lat'>1007.</span> <span class='ocrx_word' id='word_1_43' title='bbox 662 1149 841 1225; x_wconf 85' lang='lat' dir='ltr'>&amp;mortis</span> <span class='ocrx_word' id='word_1_44' title='bbox 863 1148 948 1240; x_wconf 89' lang='lat' dir='ltr'>Cyri</span> <span class='ocrx_word' id='word_1_45' title='bbox 968 1148 1191 1238; x_wconf 83' lang='lat' dir='ltr'>narratione,</span> <span class='ocrx_word' id='word_1_46' title='bbox 1220 1149 1305 1226; x_wconf 88' lang='lat' dir='ltr'>licet</span> <span class='ocrx_word' id='word_1_47' title='bbox 1326 1145 1425 1238; x_wconf 74' lang='lat' dir='ltr'>fieta,</span> <span class='ocrx_word' id='word_1_48' title='bbox 1457 1147 1553 1244; x_wconf 87' lang='lat' dir='ltr'>apud</span> 
     </span>
     <span class='ocr_line' id='line_1_8' title="bbox 389 1245 1648 1338; baseline 0.003 -16"><span class='ocrx_word' id='word_1_49' title='bbox 389 1245 456 1322; x_wconf 89' lang='lat' dir='ltr'>Ma</span> <span class='ocrx_word' id='word_1_50' title='bbox 484 1269 502 1322; x_wconf 88' lang='lat' dir='ltr'>a</span> <span class='ocrx_word' id='word_1_51' title='bbox 526 1261 621 1336; x_wconf 88' lang='lat' dir='ltr'>etas,</span> <span class='ocrx_word' id='word_1_52' title='bbox 646 1249 758 1319; x_wconf 84' lang='lat' dir='ltr'>horum</span> <span class='ocrx_word' id='word_1_53' title='bbox 779 1245 817 1320; x_wconf 91' lang='lat' dir='ltr'>io</span> <span class='ocrx_word' id='word_1_54' title='bbox 840 1245 1036 1334; x_wconf 79' lang='lat' dir='ltr'>Graeciam3</span> <span class='ocrx_word' id='word_1_55' title='bbox 1068 1260 1150 1318; x_wconf 89' lang='lat' dir='ltr'>ante</span> <span class='ocrx_word' id='word_1_56' title='bbox 1171 1267 1259 1338; x_wconf 89' lang='lat' dir='ltr'>quos</span> <span class='ocrx_word' id='word_1_57' title='bbox 1279 1266 1387 1320; x_wconf 89' lang='lat' dir='ltr'>nemo</span> <span class='ocrx_word' id='word_1_58' title='bbox 1402 1265 1550 1336; x_wconf 89' lang='lat' dir='ltr'>eorum,</span> <span class='ocrx_word' id='word_1_59' title='bbox 1590 1317 1598 1326; x_wconf 93' lang='lat'><strong><em>.</em></strong></span> <span class='ocrx_word' id='word_1_60' title='bbox 1630 1275 1648 1290; x_wconf 74' lang='lat'><strong><em>‘</em></strong></span> 
     </span>
     <span class='ocr_line' id='line_1_9' title="bbox 387 1267 1554 1534; baseline -0.003 -19"><span class='ocrx_word' id='word_1_61' title='bbox 387 1267 1554 1534; x_wconf 48' lang='lat' dir='ltr'>rrbirrnrinmissurumn·</span> 
     </span>
     <span class='ocr_line' id='line_1_10' title="bbox 387 1529 1552 1626; baseline 0 -18"><span class='ocrx_word' id='word_1_62' title='bbox 387 1555 454 1609; x_wconf 88' lang='lat' dir='ltr'>nes</span> <span class='ocrx_word' id='word_1_63' title='bbox 477 1531 691 1606; x_wconf 68' lang='lat' dir='ltr'>sisamossm</span> <span class='ocrx_word' id='word_1_64' title='bbox 712 1529 1021 1604; x_wconf 86' lang='lat' dir='ltr'>Nebucadnezaris</span> <span class='ocrx_word' id='word_1_65' title='bbox 1040 1551 1115 1604; x_wconf 88' lang='lat' dir='ltr'>non</span> <span class='ocrx_word' id='word_1_66' title='bbox 1135 1545 1296 1624; x_wconf 86' lang='lat' dir='ltr'>aequent,</span> <span class='ocrx_word' id='word_1_67' title='bbox 1323 1536 1444 1625; x_wconf 88' lang='lat' dir='ltr'>utique</span> <span class='ocrx_word' id='word_1_68' title='bbox 1466 1558 1552 1626; x_wconf 84' lang='lat' dir='ltr'>quo·</span> 
     </span>
     <span class='ocr_line' id='line_1_11' title="bbox 388 1623 1555 1726; baseline 0 -22"><span class='ocrx_word' id='word_1_69' title='bbox 388 1629 508 1705; x_wconf 88' lang='lat' dir='ltr'>miuus</span> <span class='ocrx_word' id='word_1_70' title='bbox 521 1649 670 1726; x_wconf 85' lang='lat' dir='ltr'>regnum</span> <span class='ocrx_word' id='word_1_71' title='bbox 683 1625 860 1702; x_wconf 84' lang='lat' dir='ltr'>Perficuau</span> <span class='ocrx_word' id='word_1_72' title='bbox 875 1623 1040 1720; x_wconf 79' lang='lat' dir='ltr'>depreffius</span> <span class='ocrx_word' id='word_1_73' title='bbox 1061 1625 1216 1714; x_wconf 87' lang='lat' dir='ltr'>dicatur,</span> <span class='ocrx_word' id='word_1_74' title='bbox 1249 1649 1364 1718; x_wconf 86' lang='lat' dir='ltr'>eoque</span> <span class='ocrx_word' id='word_1_75' title='bbox 1379 1629 1555 1704; x_wconf 70' lang='lat' dir='ltr'>carattere</span> 
     </span>
     <span class='ocr_line' id='line_1_12' title="bbox 391 1721 1202 1824; baseline -0.001 -25"><span class='ocrx_word' id='word_1_76' title='bbox 391 1725 619 1824; x_wconf 85' lang='lat' dir='ltr'>infigniatur‚</span> <span class='ocrx_word' id='word_1_77' title='bbox 641 1721 792 1799; x_wconf 82' lang='lat' dir='ltr'>faciunt.</span> <span class='ocrx_word' id='word_1_78' title='bbox 1195 1791 1202 1798; x_wconf 93' lang='lat'><em>.</em></span> 
     </span>
    </p>

    <p class='ocr_par' dir='ltr' id='par_1_3' title="bbox 382 1817 1655 2786">
     <span class='ocr_line' id='line_1_13' title="bbox 388 1817 1655 1924; baseline 0.004 -28"><span class='ocrx_word' id='word_1_79' title='bbox 388 1867 393 1876; x_wconf 92' lang='lat'><strong>·</strong></span> <span class='ocrx_word' id='word_1_80' title='bbox 441 1828 475 1916; x_wconf 85' lang='lat'>§.</span> <span class='ocrx_word' id='word_1_81' title='bbox 491 1821 585 1899; x_wconf 84' lang='lat' dir='ltr'>xm.</span> <span class='ocrx_word' id='word_1_82' title='bbox 611 1819 694 1924; x_wconf 88' lang='lat' dir='ltr'>Qua</span> <span class='ocrx_word' id='word_1_83' title='bbox 714 1821 837 1896; x_wconf 85' lang='lat' dir='ltr'>eadem</span> <span class='ocrx_word' id='word_1_84' title='bbox 857 1833 1069 1916; x_wconf 86' lang='lat' dir='ltr'>premuntur</span> <span class='ocrx_word' id='word_1_85' title='bbox 1090 1817 1314 1910; x_wconf 83' lang='lat' dir='ltr'>difficultate,</span> <span class='ocrx_word' id='word_1_86' title='bbox 1347 1823 1408 1914; x_wconf 87' lang='lat' dir='ltr'>qui</span> <span class='ocrx_word' id='word_1_87' title='bbox 1423 1824 1553 1902; x_wconf 80' lang='lat' dir='ltr'>durabi·</span> <span class='ocrx_word' id='word_1_88' title='bbox 1651 1819 1655 1826; x_wconf 78' lang='grc'><strong>’</strong></span> 
     </span>
     <span class='ocr_line' id='line_1_14' title="bbox 388 1917 1552 2087; baseline 0.003 -92"><span class='ocrx_word' id='word_1_89' title='bbox 388 1927 454 1995; x_wconf 85' lang='lat' dir='ltr'>lem</span> <span class='ocrx_word' id='word_1_90' title='bbox 471 1920 507 1993; x_wconf 73' lang='lat' dir='ltr'>dr</span> <span class='ocrx_word' id='word_1_91' title='bbox 520 1943 596 2014; x_wconf 89' lang='lat' dir='ltr'>non</span> <span class='ocrx_word' id='word_1_92' title='bbox 613 1927 832 2087; x_wconf 49' lang='lat' dir='ltr'>interruptam</span> <span class='ocrx_word' id='word_1_93' title='bbox 842 1920 945 2018; x_wconf 84' lang='lat' dir='ltr'>regni</span> <span class='ocrx_word' id='word_1_94' title='bbox 959 1917 1266 1994; x_wconf 84' lang='lat' dir='ltr'>Nebucadoeaaris</span> <span class='ocrx_word' id='word_1_95' title='bbox 1280 1917 1552 2014; x_wconf 81' lang='lat' dir='ltr'>prosperitatem</span> 
     </span>
     <span class='ocr_line' id='line_1_15' title="bbox 386 2015 1551 2115; baseline 0.004 -25"><span class='ocrx_word' id='word_1_96' title='bbox 386 2016 592 2094; x_wconf 87' lang='lat' dir='ltr'>infelicibus</span> <span class='ocrx_word' id='word_1_97' title='bbox 606 2037 731 2090; x_wconf 90' lang='lat' dir='ltr'>nonnu</span> <span class='ocrx_word' id='word_1_98' title='bbox 746 2015 786 2089; x_wconf 93' lang='lat' dir='ltr'>lis</span> <span class='ocrx_word' id='word_1_99' title='bbox 800 2037 922 2115; x_wconf 83' lang='lat' dir='ltr'>regum</span> <span class='ocrx_word' id='word_1_100' title='bbox 937 2015 1057 2090; x_wconf 75' lang='lat' dir='ltr'>Perfice</span> <span class='ocrx_word' id='word_1_101' title='bbox 1072 2015 1354 2110; x_wconf 83' lang='lat' dir='ltr'>expeditionibus</span> <span class='ocrx_word' id='word_1_102' title='bbox 1369 2066 1382 2107; x_wconf 86' lang='lat'>‚</span> <span class='ocrx_word' id='word_1_103' title='bbox 1408 2033 1451 2094; x_wconf 92' lang='lat' dir='ltr'>ut</span> <span class='ocrx_word' id='word_1_104' title='bbox 1465 2019 1551 2114; x_wconf 86' lang='lat' dir='ltr'>Cyri</span> 
     </span>
     <span class='ocr_line' id='line_1_16' title="bbox 385 2111 1554 2210; baseline 0.002 -20"><span class='ocrx_word' id='word_1_105' title='bbox 385 2116 427 2190; x_wconf 90' lang='lat' dir='ltr'>in</span> <span class='ocrx_word' id='word_1_106' title='bbox 441 2115 607 2208; x_wconf 79' lang='lat' dir='ltr'>Scythas,</span> <span class='ocrx_word' id='word_1_107' title='bbox 623 2111 798 2208; x_wconf 85' lang='lat' dir='ltr'>Cambyfis</span> <span class='ocrx_word' id='word_1_108' title='bbox 811 2114 850 2190; x_wconf 91' lang='lat' dir='ltr'>in</span> <span class='ocrx_word' id='word_1_109' title='bbox 865 2113 1061 2210; x_wconf 81' lang='lat' dir='ltr'>AEthyopas</span> <span class='ocrx_word' id='word_1_110' title='bbox 1069 2166 1082 2205; x_wconf 89' lang='lat'>,</span> <span class='ocrx_word' id='word_1_111' title='bbox 1102 2112 1249 2186; x_wconf 82' lang='lat' dir='ltr'>Darii&amp;</span> <span class='ocrx_word' id='word_1_112' title='bbox 1262 2113 1386 2188; x_wconf 86' lang='lat' dir='ltr'>Xerxis</span> <span class='ocrx_word' id='word_1_113' title='bbox 1399 2115 1439 2190; x_wconf 88' lang='lat' dir='ltr'>in</span> <span class='ocrx_word' id='word_1_114' title='bbox 1453 2116 1554 2192; x_wconf 85' lang='lat' dir='ltr'>Grae·</span> 
     </span>
     <span class='ocr_line' id='line_1_17' title="bbox 385 2208 1641 2310; baseline 0.005 -25"><span class='ocrx_word' id='word_1_115' title='bbox 385 2231 471 2301; x_wconf 87' lang='lat' dir='ltr'>cos,</span> <span class='ocrx_word' id='word_1_116' title='bbox 499 2208 965 2305; x_wconf 82' lang='lat' dir='ltr'>&amp;quaesuntaliaesrmiles‚</span> <span class='ocrx_word' id='word_1_117' title='bbox 989 2225 1201 2310; x_wconf 66' lang='lat' dir='ltr'>opponunt,</span> <span class='ocrx_word' id='word_1_118' title='bbox 1224 2211 1306 2286; x_wconf 87' lang='lat' dir='ltr'>&amp;io</span> <span class='ocrx_word' id='word_1_119' title='bbox 1322 2233 1368 2286; x_wconf 91' lang='lat' dir='ltr'>eo</span> <span class='ocrx_word' id='word_1_120' title='bbox 1384 2227 1548 2306; x_wconf 82' lang='lat' dir='ltr'>tanquam</span> <span class='ocrx_word' id='word_1_121' title='bbox 1631 2209 1641 2234; x_wconf 91' lang='lat'><em>&#39;</em></span> 
     </span>
     <span class='ocr_line' id='line_1_18' title="bbox 383 2305 1549 2406; baseline -0.003 -17"><span class='ocrx_word' id='word_1_122' title='bbox 383 2309 535 2389; x_wconf 78' lang='lat' dir='ltr'>criterio</span> <span class='ocrx_word' id='word_1_123' title='bbox 555 2305 790 2406; x_wconf 84' lang='lat' dir='ltr'>distinguente</span> <span class='ocrx_word' id='word_1_124' title='bbox 812 2308 1047 2403; x_wconf 85' lang='lat' dir='ltr'>acquiescunt.</span> <span class='ocrx_word' id='word_1_125' title='bbox 1096 2307 1351 2403; x_wconf 88' lang='lat' dir='ltr'>Expeditiones</span> <span class='ocrx_word' id='word_1_126' title='bbox 1372 2311 1468 2384; x_wconf 82' lang='lat' dir='ltr'>eninr</span> <span class='ocrx_word' id='word_1_127' title='bbox 1482 2312 1549 2386; x_wconf 76' lang='lat' dir='ltr'>illo</span> 
     </span>
     <span class='ocr_line' id='line_1_19' title="bbox 383 2403 1548 2506; baseline 0.003 -24"><span class='ocrx_word' id='word_1_128' title='bbox 383 2407 503 2482; x_wconf 79' lang='lat' dir='ltr'>nunus</span> <span class='ocrx_word' id='word_1_129' title='bbox 523 2405 699 2502; x_wconf 86' lang='lat' dir='ltr'>prosperae</span> <span class='ocrx_word' id='word_1_130' title='bbox 719 2403 904 2506; x_wconf 82' lang='lat' dir='ltr'>figloriam</span> <span class='ocrx_word' id='word_1_131' title='bbox 913 2408 1018 2506; x_wconf 82' lang='lat' dir='ltr'>regni</span> <span class='ocrx_word' id='word_1_132' title='bbox 1030 2405 1157 2481; x_wconf 82' lang='lat' dir='ltr'>Persici</span> <span class='ocrx_word' id='word_1_133' title='bbox 1167 2406 1287 2499; x_wconf 88' lang='lat' dir='ltr'>aliquo</span> <span class='ocrx_word' id='word_1_134' title='bbox 1300 2408 1410 2483; x_wconf 90' lang='lat' dir='ltr'>modo</span> <span class='ocrx_word' id='word_1_135' title='bbox 1424 2407 1548 2486; x_wconf 82' lang='lat' dir='ltr'>obscu-</span> 
     </span>
     <span class='ocr_line' id='line_1_20' title="bbox 382 2503 1548 2600; baseline 0 -20"><span class='ocrx_word' id='word_1_136' title='bbox 382 2507 517 2592; x_wconf 76' lang='lat' dir='ltr'>rarint,</span> <span class='ocrx_word' id='word_1_137' title='bbox 543 2505 588 2578; x_wconf 91' lang='lat' dir='ltr'>de</span> <span class='ocrx_word' id='word_1_138' title='bbox 609 2504 772 2598; x_wconf 88' lang='lat' dir='ltr'>potentia</span> <span class='ocrx_word' id='word_1_139' title='bbox 791 2503 826 2574; x_wconf 71' lang='grc' dir='ltr'>δι</span> <span class='ocrx_word' id='word_1_140' title='bbox 846 2504 1077 2597; x_wconf 85' lang='lat' dir='ltr'>amplitudine</span> <span class='ocrx_word' id='word_1_141' title='bbox 1092 2504 1192 2600; x_wconf 85' lang='lat' dir='ltr'>regni</span> <span class='ocrx_word' id='word_1_142' title='bbox 1207 2503 1230 2575; x_wconf 90' lang='lat' dir='ltr'>sr</span> <span class='ocrx_word' id='word_1_143' title='bbox 1246 2503 1375 2596; x_wconf 88' lang='lat' dir='ltr'>aliquid</span> <span class='ocrx_word' id='word_1_144' title='bbox 1390 2504 1548 2582; x_wconf 82' lang='lat' dir='ltr'>detraxe-</span> 
     </span>
     <span class='ocr_line' id='line_1_21' title="bbox 382 2599 1550 2693; baseline 0.009 -23"><span class='ocrx_word' id='word_1_145' title='bbox 382 2602 481 2686; x_wconf 82' lang='lat' dir='ltr'>rint3</span> <span class='ocrx_word' id='word_1_146' title='bbox 514 2600 637 2688; x_wconf 88' lang='lat' dir='ltr'>utique</span> <span class='ocrx_word' id='word_1_147' title='bbox 661 2619 758 2682; x_wconf 88' lang='lat' dir='ltr'>non,</span> <span class='ocrx_word' id='word_1_148' title='bbox 791 2611 834 2668; x_wconf 89' lang='lat' dir='ltr'>ut</span> <span class='ocrx_word' id='word_1_149' title='bbox 854 2619 1005 2692; x_wconf 85' lang='lat' dir='ltr'>regnum</span> <span class='ocrx_word' id='word_1_150' title='bbox 1026 2599 1206 2672; x_wconf 81' lang='lat' dir='ltr'>Persarum</span> <span class='ocrx_word' id='word_1_151' title='bbox 1228 2601 1293 2672; x_wconf 87' lang='lat' dir='ltr'>hac</span> <span class='ocrx_word' id='word_1_152' title='bbox 1313 2599 1550 2693; x_wconf 76' lang='lat' dir='ltr'>inferioritatis</span> 
     </span>
     <span class='ocr_line' id='line_1_22' title="bbox 385 2687 1548 2786; baseline 0.007 -18"><span class='ocrx_word' id='word_1_153' title='bbox 385 2707 476 2768; x_wconf 87' lang='lat' dir='ltr'>nota</span> <span class='ocrx_word' id='word_1_154' title='bbox 498 2706 689 2786; x_wconf 86' lang='lat' dir='ltr'>propterea</span> <span class='ocrx_word' id='word_1_155' title='bbox 709 2687 810 2764; x_wconf 88' lang='lat' dir='ltr'>adfici</span> <span class='ocrx_word' id='word_1_156' title='bbox 832 2705 1020 2768; x_wconf 89' lang='lat' dir='ltr'>mereatur.</span> <span class='ocrx_word' id='word_1_157' title='bbox 1078 2691 1240 2785; x_wconf 85' lang='lat' dir='ltr'>Curtius,</span> <span class='ocrx_word' id='word_1_158' title='bbox 1272 2695 1369 2772; x_wconf 88' lang='lat' dir='ltr'>hisce</span> <span class='ocrx_word' id='word_1_159' title='bbox 1389 2721 1464 2774; x_wconf 89' lang='lat' dir='ltr'>non</span> <span class='ocrx_word' id='word_1_160' title='bbox 1485 2705 1548 2776; x_wconf 74' lang='lat' dir='ltr'>obd</span> 
     </span>
    </p>
   </div>
   <div class='ocr_carea' id='block_1_3' title="bbox 258 2785 1548 2891">
    <p class='ocr_par' dir='ltr' id='par_1_4' title="bbox 258 2785 1548 2891">
     <span class='ocr_line' id='line_1_23' title="bbox 258 2785 1548 2891; baseline 0.015 -31"><span class='ocrx_word' id='word_1_161' title='bbox 258 2831 260 2837; x_wconf 94' lang='lat'>·</span> <span class='ocrx_word' id='word_1_162' title='bbox 380 2787 579 2876; x_wconf 74' lang='lat' dir='ltr'>stantibus,</span> <span class='ocrx_word' id='word_1_163' title='bbox 603 2785 785 2862; x_wconf 86' lang='lat' dir='ltr'>Persarum</span> <span class='ocrx_word' id='word_1_164' title='bbox 806 2789 992 2882; x_wconf 88' lang='lat' dir='ltr'>imperium</span> <span class='ocrx_word' id='word_1_165' title='bbox 996 2787 1138 2886; x_wconf 81' lang='lat' dir='ltr'>secundo</span> <span class='ocrx_word' id='word_1_166' title='bbox 1152 2789 1248 2888; x_wconf 62' lang='grc' dir='ltr'>σαψ</span> <span class='ocrx_word' id='word_1_167' title='bbox 1260 2816 1326 2887; x_wconf 90' lang='lat' dir='ltr'>per</span> <span class='ocrx_word' id='word_1_168' title='bbox 1340 2818 1420 2891; x_wconf 83' lang='lat'><strong>230.</strong></span> <span class='ocrx_word' id='word_1_169' title='bbox 1435 2821 1548 2878; x_wconf 76' lang='lat' dir='ltr'>annos</span> 
     </span>
    </p>
   </div>
   <div class='ocr_carea' id='block_1_4' title="bbox 375 2881 1547 3865">
    <p class='ocr_par' dir='ltr' id='par_1_5' title="bbox 375 2881 1547 3865">
     <span class='ocr_line' id='line_1_24' title="bbox 383 2881 1547 2982; baseline 0.021 -33"><span class='ocrx_word' id='word_1_170' title='bbox 383 2885 431 2960; x_wconf 65' lang='lat' dir='ltr'>ad</span> <span class='ocrx_word' id='word_1_171' title='bbox 444 2883 627 2974; x_wconf 79' lang='lat' dir='ltr'>summum</span> <span class='ocrx_word' id='word_1_172' title='bbox 646 2881 821 2982; x_wconf 80' lang='lat' dir='ltr'>fastigium</span> <span class='ocrx_word' id='word_1_173' title='bbox 841 2885 951 2960; x_wconf 89' lang='lat' dir='ltr'>aDiis</span> <span class='ocrx_word' id='word_1_174' title='bbox 964 2885 1068 2960; x_wconf 86' lang='lat' dir='ltr'>fuisse</span> <span class='ocrx_word' id='word_1_175' title='bbox 1083 2887 1270 2981; x_wconf 59' lang='lat' dir='ltr'>eversum,</span> <span class='ocrx_word' id='word_1_176' title='bbox 1295 2892 1455 2970; x_wconf 86' lang='lat' dir='ltr'>adserere</span> <span class='ocrx_word' id='word_1_177' title='bbox 1470 2920 1547 2974; x_wconf 91' lang='lat' dir='ltr'>non</span> 
     </span>
     <span class='ocr_line' id='line_1_25' title="bbox 385 2981 1546 3094; baseline 0.014 -37"><span class='ocrx_word' id='word_1_178' title='bbox 385 2999 547 3058; x_wconf 87' lang='lat' dir='ltr'>veretur.</span> <span class='ocrx_word' id='word_1_179' title='bbox 570 2983 594 3056; x_wconf 91' lang='lat' dir='ltr'>l.</span> <span class='ocrx_word' id='word_1_180' title='bbox 611 3003 667 3056; x_wconf 90' lang='lat' dir='ltr'>rv.</span> <span class='ocrx_word' id='word_1_181' title='bbox 689 3004 723 3060; x_wconf 74' lang='lat' dir='ltr'>c.</span> <span class='ocrx_word' id='word_1_182' title='bbox 746 3002 803 3074; x_wconf 85' lang='lat'>14.</span> <span class='ocrx_word' id='word_1_183' title='bbox 848 2981 910 3058; x_wconf 87' lang='lat' dir='ltr'>De</span> <span class='ocrx_word' id='word_1_184' title='bbox 929 3007 1000 3078; x_wconf 91' lang='lat' dir='ltr'>quo</span> <span class='ocrx_word' id='word_1_185' title='bbox 1023 3000 1065 3060; x_wconf 92' lang='lat' dir='ltr'>ut</span> <span class='ocrx_word' id='word_1_186' title='bbox 1085 2985 1209 3062; x_wconf 71' lang='lat' dir='ltr'>rectius</span> <span class='ocrx_word' id='word_1_187' title='bbox 1220 2988 1417 3082; x_wconf 90' lang='lat' dir='ltr'>judicetur,</span> <span class='ocrx_word' id='word_1_188' title='bbox 1443 2995 1546 3094; x_wconf 82' lang='lat' dir='ltr'>regni</span> 
     </span>
     <span class='ocr_line' id='line_1_26' title="bbox 382 3077 1547 3182; baseline 0.016 -28"><span class='ocrx_word' id='word_1_189' title='bbox 382 3079 697 3155; x_wconf 88' lang='lat' dir='ltr'>Nebucadnezaris</span> <span class='ocrx_word' id='word_1_190' title='bbox 721 3079 755 3152; x_wconf 69' lang='grc' dir='ltr'>ἃ</span> <span class='ocrx_word' id='word_1_191' title='bbox 776 3077 883 3172; x_wconf 78' lang='lat' dir='ltr'>Cyri,</span> <span class='ocrx_word' id='word_1_192' title='bbox 908 3080 991 3158; x_wconf 90' lang='lat' dir='ltr'>dein</span> <span class='ocrx_word' id='word_1_193' title='bbox 1012 3083 1192 3180; x_wconf 89' lang='lat' dir='ltr'>utriusque</span> <span class='ocrx_word' id='word_1_194' title='bbox 1215 3085 1469 3182; x_wconf 79' lang='lat' dir='ltr'>successorum,</span> <span class='ocrx_word' id='word_1_195' title='bbox 1494 3095 1547 3172; x_wconf 86' lang='lat' dir='ltr'>in·</span> 
     </span>
     <span class='ocr_line' id='line_1_27' title="bbox 376 3175 1546 3278; baseline 0.008 -25"><span class='ocrx_word' id='word_1_196' title='bbox 376 3175 568 3254; x_wconf 76' lang='lat' dir='ltr'>¹stituanrus</span> <span class='ocrx_word' id='word_1_197' title='bbox 589 3177 902 3272; x_wconf 78' lang='lat' dir='ltr'>comparationem.</span> <span class='ocrx_word' id='word_1_198' title='bbox 957 3179 1119 3278; x_wconf 80' lang='lat' dir='ltr'>Regnum</span> <span class='ocrx_word' id='word_1_199' title='bbox 1144 3183 1248 3262; x_wconf 89' lang='lat' dir='ltr'>solius</span> <span class='ocrx_word' id='word_1_200' title='bbox 1270 3185 1546 3264; x_wconf 81' lang='lat' dir='ltr'>Nebucadneza·</span> 
     </span>
     <span class='ocr_line' id='line_1_28' title="bbox 377 3275 1545 3378; baseline 0.002 -26"><span class='ocrx_word' id='word_1_201' title='bbox 377 3276 430 3352; x_wconf 80' lang='lat' dir='ltr'>ris</span> <span class='ocrx_word' id='word_1_202' title='bbox 450 3275 475 3349; x_wconf 85' lang='lat' dir='ltr'><strong>fi</strong></span> <span class='ocrx_word' id='word_1_203' title='bbox 496 3297 560 3376; x_wconf 90' lang='lat' dir='ltr'>per</span> <span class='ocrx_word' id='word_1_204' title='bbox 575 3295 687 3372; x_wconf 85' lang='lat' dir='ltr'>caput</span> <span class='ocrx_word' id='word_1_205' title='bbox 708 3299 842 3350; x_wconf 80' lang='lat' dir='ltr'>aureum</span> <span class='ocrx_word' id='word_1_206' title='bbox 861 3277 1098 3378; x_wconf 80' lang='lat' dir='ltr'>intelligatur,</span> <span class='ocrx_word' id='word_1_207' title='bbox 1124 3283 1328 3377; x_wconf 82' lang='lat' dir='ltr'>aequurnest</span> <span class='ocrx_word' id='word_1_208' title='bbox 1342 3299 1433 3355; x_wconf 87' lang='lat' dir='ltr'>utre</span> <span class='ocrx_word' id='word_1_209' title='bbox 1483 3304 1545 3362; x_wconf 86' lang='lat' dir='ltr'>um</span> 
     </span>
     <span class='ocr_line' id='line_1_29' title="bbox 380 3373 1545 3472; baseline 0.009 -24"><span class='ocrx_word' id='word_1_210' title='bbox 380 3374 467 3470; x_wconf 90' lang='lat' dir='ltr'>Cyri</span> <span class='ocrx_word' id='word_1_211' title='bbox 495 3374 703 3472; x_wconf 71' lang='lat' dir='ltr'>perpessus</span> <span class='ocrx_word' id='word_1_212' title='bbox 730 3374 905 3470; x_wconf 67' lang='lat' dir='ltr'>expidum</span> <span class='ocrx_word' id='word_1_213' title='bbox 924 3373 1121 3470; x_wconf 82' lang='lat' dir='ltr'>statuatur,</span> <span class='ocrx_word' id='word_1_214' title='bbox 1161 3402 1241 3455; x_wconf 89' lang='lat' dir='ltr'>curn</span> <span class='ocrx_word' id='word_1_215' title='bbox 1263 3390 1411 3470; x_wconf 87' lang='lat' dir='ltr'>uterque</span> <span class='ocrx_word' id='word_1_216' title='bbox 1450 3383 1545 3464; x_wconf 85' lang='lat' dir='ltr'>uerit</span> 
     </span>
     <span class='ocr_line' id='line_1_30' title="bbox 379 3471 1546 3576; baseline -0.003 -28"><span class='ocrx_word' id='word_1_217' title='bbox 379 3481 508 3569; x_wconf 73' lang='lat' dir='ltr'>prims</span> <span class='ocrx_word' id='word_1_218' title='bbox 530 3477 567 3552; x_wconf 89' lang='lat' dir='ltr'>in</span> <span class='ocrx_word' id='word_1_219' title='bbox 580 3473 639 3550; x_wconf 82' lang='lat' dir='ltr'>stra</span> <span class='ocrx_word' id='word_1_220' title='bbox 655 3473 743 3549; x_wconf 90' lang='lat' dir='ltr'>serie</span> <span class='ocrx_word' id='word_1_221' title='bbox 757 3473 975 3563; x_wconf 86' lang='lat' dir='ltr'>Monarcha‚</span> <span class='ocrx_word' id='word_1_222' title='bbox 999 3476 1087 3549; x_wconf 86' lang='lat' dir='ltr'>&amp;re</span> <span class='ocrx_word' id='word_1_223' title='bbox 1135 3471 1336 3548; x_wconf 88' lang='lat' dir='ltr'>iconditor.</span> <span class='ocrx_word' id='word_1_224' title='bbox 1394 3475 1461 3554; x_wconf 90' lang='lat' dir='ltr'>Cui</span> <span class='ocrx_word' id='word_1_225' title='bbox 1475 3481 1546 3576; x_wconf 81' lang='lat' dir='ltr'>pri.</span> 
     </span>
     <span class='ocr_line' id='line_1_31' title="bbox 382 3570 1545 3666; baseline 0.015 -26"><span class='ocrx_word' id='word_1_226' title='bbox 382 3591 457 3640; x_wconf 89' lang='lat' dir='ltr'>mas</span> <span class='ocrx_word' id='word_1_227' title='bbox 473 3571 615 3647; x_wconf 86' lang='lat' dir='ltr'>daturus</span> <span class='ocrx_word' id='word_1_228' title='bbox 628 3573 669 3646; x_wconf 86' lang='lat' dir='ltr'>fis</span> <span class='ocrx_word' id='word_1_229' title='bbox 684 3575 708 3648; x_wconf 89' lang='lat' dir='ltr'>sr</span> <span class='ocrx_word' id='word_1_230' title='bbox 723 3572 817 3649; x_wconf 89' lang='lat' dir='ltr'>sorte</span> <span class='ocrx_word' id='word_1_231' title='bbox 832 3575 982 3661; x_wconf 84' lang='lat' dir='ltr'>haereas,</span> <span class='ocrx_word' id='word_1_232' title='bbox 1003 3576 1084 3666; x_wconf 89' lang='lat' dir='ltr'>equi</span> <span class='ocrx_word' id='word_1_233' title='bbox 1110 3595 1167 3646; x_wconf 86' lang='lat' dir='ltr'>em</span> <span class='ocrx_word' id='word_1_234' title='bbox 1182 3570 1316 3663; x_wconf 90' lang='lat' dir='ltr'>Cyrum</span> <span class='ocrx_word' id='word_1_235' title='bbox 1332 3573 1545 3658; x_wconf 86' lang='lat' dir='ltr'>inferiorem</span> 
     </span>
     <span class='ocr_line' id='line_1_32' title="bbox 375 3667 1544 3764; baseline 0.014 -30"><span class='ocrx_word' id='word_1_236' title='bbox 375 3683 407 3735; x_wconf 82' lang='lat' dir='ltr'>a</span> <span class='ocrx_word' id='word_1_237' title='bbox 428 3685 636 3756; x_wconf 55' lang='lat' dir='ltr'>quoquam,</span> <span class='ocrx_word' id='word_1_238' title='bbox 651 3671 711 3760; x_wconf 92' lang='lat' dir='ltr'>qui</span> <span class='ocrx_word' id='word_1_239' title='bbox 730 3671 773 3744; x_wconf 89' lang='lat' dir='ltr'>ad</span> <span class='ocrx_word' id='word_1_240' title='bbox 796 3669 977 3760; x_wconf 91' lang='lat' dir='ltr'>utriusque</span> <span class='ocrx_word' id='word_1_241' title='bbox 999 3667 1089 3744; x_wconf 74' lang='lat' dir='ltr'>faeta</span> <span class='ocrx_word' id='word_1_242' title='bbox 1108 3670 1142 3741; x_wconf 78' lang='lat' dir='ltr'>dt</span> <span class='ocrx_word' id='word_1_243' title='bbox 1159 3667 1232 3741; x_wconf 80' lang='lat' dir='ltr'>fata</span> <span class='ocrx_word' id='word_1_244' title='bbox 1245 3671 1457 3764; x_wconf 85' lang='lat' dir='ltr'>adverterit,</span> <span class='ocrx_word' id='word_1_245' title='bbox 1484 3677 1544 3750; x_wconf 89' lang='lat' dir='ltr'>ha·</span> 
     </span>
     <span class='ocr_line' id='line_1_33' title="bbox 383 3759 1542 3865; baseline 0.013 -31"><span class='ocrx_word' id='word_1_246' title='bbox 383 3759 541 3834; x_wconf 90' lang='lat' dir='ltr'>bendum</span> <span class='ocrx_word' id='word_1_247' title='bbox 568 3762 636 3835; x_wconf 81' lang='lat' dir='ltr'>effe</span> <span class='ocrx_word' id='word_1_248' title='bbox 662 3787 737 3838; x_wconf 90' lang='lat' dir='ltr'>non</span> <span class='ocrx_word' id='word_1_249' title='bbox 757 3765 1032 3844; x_wconf 83' lang='lat' dir='ltr'>autumaverim:</span> <span class='ocrx_word' id='word_1_250' title='bbox 1066 3766 1151 3859; x_wconf 91' lang='lat' dir='ltr'>quin</span> <span class='ocrx_word' id='word_1_251' title='bbox 1172 3764 1366 3846; x_wconf 87' lang='lat' dir='ltr'>secundum</span> <span class='ocrx_word' id='word_1_252' title='bbox 1388 3770 1542 3865; x_wconf 86' lang='lat' dir='ltr'>Cyrum,</span> 
     </span>
    </p>
   </div>
   <div class='ocr_carea' id='block_1_5' title="bbox 380 3855 1544 3967">
    <p class='ocr_par' dir='ltr' id='par_1_6' title="bbox 380 3855 1544 3967">
     <span class='ocr_line' id='line_1_34' title="bbox 380 3855 1544 3967; baseline 0.009 -33"><span class='ocrx_word' id='word_1_253' title='bbox 380 3855 412 3934; x_wconf 84' lang='lat' dir='ltr'>di</span> <span class='ocrx_word' id='word_1_254' title='bbox 434 3858 477 3931; x_wconf 90' lang='lat' dir='ltr'>de</span> <span class='ocrx_word' id='word_1_255' title='bbox 499 3857 633 3954; x_wconf 86' lang='lat' dir='ltr'>majore</span> <span class='ocrx_word' id='word_1_256' title='bbox 653 3858 885 3956; x_wconf 82' lang='lat' dir='ltr'>prosperitate</span> <span class='ocrx_word' id='word_1_257' title='bbox 899 3861 935 3938; x_wconf 79' lang='lat' dir='ltr'>dr</span> <span class='ocrx_word' id='word_1_258' title='bbox 949 3861 1128 3964; x_wconf 85' lang='lat' dir='ltr'>gestorum</span> <span class='ocrx_word' id='word_1_259' title='bbox 1140 3868 1382 3967; x_wconf 83' lang='lat' dir='ltr'>magnitudine</span> <span class='ocrx_word' id='word_1_260' title='bbox 1399 3870 1544 3963; x_wconf 86' lang='lat' dir='ltr'>quaestio</span> 
     </span>
    </p>
   </div>
   <div class='ocr_carea' id='block_1_6' title="bbox 0 0 1764 4748">
    <p class='ocr_par' dir='ltr' id='par_1_7' title="bbox 0 0 1764 4748">
     <span class='ocr_line' id='line_1_35' title="bbox 0 0 1764 4748; baseline 0 3"><span class='ocrx_word' id='word_1_261' title='bbox 0 0 1764 4748; x_wconf 95' lang='lat' dir='ltr'> </span> 
     </span>
    </p>
   </div>
  </div>
 </body>
</html>
