3416 4746
388 398 438 455 an
508 373 727 460 DAN.
776 401 863 462 exn
912 403 1043 483 ruo„
1164 398 1328 486 ‘ton

134 572 191 658 ἤδη
215 544 250 644 aa*
269 567 443 668 permittor,
468 577 504 642 ἔν’
520 579 553 646 ἐν
575 579 621 668 τῷ
639 573 787 668 πολέμῳ,
813 581 859 670 rifi
878 573 959 664 enredo
984 573 1138 672 Pupiniae,
1164 581 1295 674 oirptpeq‘

133 671 311 744 demulcens
334 666 581 765 adolescentem,
615 685 652 743 ut
676 673 755 743 balio
779 668 925 744 Romano
947 674 1126 770 quiesceret.
1178 673 1288 785 Quod

135 767 222 842 nihil
244 765 337 841 aliud
357 783 451 856 erat,
485 786 526 839 ae
545 768 816 866 regis‘animum
836 770 1040 863 perniciosis
1062 769 1212 844 consiliis
1234 793 1286 846 tn·
1403 775 1409 782 “

134 861 261 956 ficere,
287 865 321 936 de
342 887 362 938 a
383 863 573 955 Romanis,
608 863 769 960 adeoque
788 867 894 940 unico
912 865 973 940 suo
988 865 1167 962 presidia,
1188 870 1287 942 arel.

131 961 238 1050 lere,
278 961 323 1034 ad
350 983 432 1036 eum
454 961 685 1054 perdendum
752 961 818 1035 Cui
839 961 967 1057 phrasrs
989 961 1161 1038 convenit
1193 965 1286 1038 haud

131 1056 295 1132 diffinitis
310 1056 504 1146 scindendi,
528 1055 722 1154 dissolvendi
743 1079 793 1130 res
816 1083 938 1148 nexas,
962 1061 1060 1153 quod
1074 1060 1127 1134 est
1137 1085 1195 1145 aaa
1213 1062 1287 1135 He·

132 1154 254 1243 brais,
295 1177 361 1248 pro
391 1153 597 1240 societatem
623 1155 849 1248 rumpere&
879 1155 1027 1232 tutelam
1054 1157 1281 1248 rescindere,

133 1251 252 1327 Enod.
274 1273 389 1326 xxxn:
406 1275 463 1343 ας.
491 1253 552 1326 ubi
573 1253 696 1326 Aaron
718 1251 846 1350 legitur
855 1251 987 1350 sciiiffe
1001 1255 1035 1328 δι
1051 1253 1217 1350 denudoffe
1228 1271 1284 1351 pe.

128 1353 271 1446 pulum,
296 1371 380 1425 eum
404 1351 576 1426 tutamine
596 1348 660 1424 suo
682 1349 876 1446 privando,
910 1349 1114 1426 &hostiurn
1129 1352 1282 1426 ludibrio

131 1447 359 1540 exponendo.
417 1468 450 1522 a.
474 1445 639 1544 Regnum
662 1449 767 1523 etiam
792 1449 978 1537 deraditur,
1012 1449 1046 1523 dc
1073 1449 1116 1522 ad
1139 1470 1285 1524 omnent

132 1542 232 1618 tusum
254 1544 412 1618 redditur
426 1547 607 1640 ineptum,
634 1567 698 1640 per
712 1545 916 1633 libidinem,
933 1545 1281 1636 luxum,·des1diam,

113 1639 246 1730 ¹furta,
271 1641 480 1732 latrocinia,
513 1641 645 1731 caedes,
672 1642 857 1716 intestinos
877 1657 1015 1732 motus,
1042 1644 1175 1736 aliaque
1191 1644 1285 1740 flagi·

129 1737 180 1812 -tia
202 1740 379 1828 enormia,
411 1741 447 1812 in
470 1759 516 1812 eo
537 1739 730 1836 grassantia
785 1737 870 1836 Quo
891 1739 967 1832 ipso
989 1738 1078 1814 solet
1092 1741 1283 1835 occupanti

126 1835 286 1924 cedere,
306 1837 345 1909 dc
360 1836 403 1908 ab
420 1837 552 1910 aemulis
568 1833 671 1909 bacile
690 1835 870 1930 superatur
888 1838 1028 1932 regibus
1073 1835 1183 1936 Quod
1197 1857 1282 1912 cunt

129 1954 195 2027 per
210 1953 334 2030 agmen
352 1932 575 2017 seminarum
590 1934 625 2006 in
642 1935 728 2007 illud
745 1931 925 2008 invcilum
941 1931 1018 2007 fieri
1032 1935 1129 2028 poll'e
1146 1935 1284 2009 videre·
1319 2001 1327 2006 .

129 2045 189 2105 tur
210 2031 371 2105 omnium
396 2031 558 2124 optime,
592 2029 679 2104 teste
705 2029 924 2124 experientia
946 2030 1008 2103 sub
1024 2054 1110 2128 rege
1126 2032 1285 2106 decesso-

128 2148 168 2200 re
191 2125 383 2208 Ptolemaeo
405 2127 651 2220 Philopatore,
691 2126 814 2200 iisdem
836 2129 969 2200 artibus
992 2126 1280 2204 ususestAntio·
1407 2177 1418 2196 s
1535 2121 1543 2137 ’

126 2223 237 2311 chus,
263 2219 628 2314 filiarnulieribusque
651 2224 726 2316 'regi
745 2223 962 2294 adolescenti
986 2223 1179 2299 Ptolemaeo
1200 2225 1282 2317 Epi·

130 2318 238 2416 phani
266 2318 311 2391 ad
341 2339 490 2413 regnunt
516 2317 817 2412 corrumpendum
843 2318 949 2402 datis,
990 2333 1030 2390 ut
1050 2317 1115 2392 bac
1140 2321 1280 2395 ratione

132 2417 225 2490 viam
240 2413 301 2490 fibi
317 2413 362 2488 ad
376 2412 461 2488 illud
484 2414 729 2508 occupandum
746 2413 919 2488 sterneret
934 2413 1146 2492 facillimam.
1164 2439 1196 2511 3.
1207 2417 1282 2490 De·

129 2516 266 2607 nique,
289 2535 373 2588 cum
389 2512 432 2586 de
437 2511 713 2608 spoliationibus,
737 2511 772 2584 dc
792 2533 902 2608 opum
920 2511 1176 2588 corrosionibus
1192 2537 1280 2608 quo·

128 2633 200 2707 que
227 2609 386 2684 adhiberi
417 2609 527 2684 soleat
554 2607 704 2686 verbum
728 2609 863 2699 Heba,
897 2607 1001 2684 filiam
1029 2609 1279 2706 foeminasque

130 2708 219 2785 nihil
243 2721 341 2786 vetat
364 2729 410 2781 eo
426 2703 494 2782 ³fini
514 2709 559 2782 ab
581 2707 765 2783 Antiocho
788 2704 888 2782 fuisse
911 2705 1022 2784 missas
1038 2705 1211 2799 statuere,
1238 2723 1280 2784 ut

126 2828 250 2882 carum
265 2827 335 2902 ope
357 2805 537 2882 thesauros
557 2807 647 2918 regis
672 2806 820 2904 &regni
835 2802 1027 2899 expilaret,
1054 2805 1183 2899 sibique
1202 2807 1280 2881 vin·

127 2905 280 2992 dicaret,
305 2925 418 2999 eaque
438 2904 579 2979 ratione
604 2927 641 2980 tn
663 2907 760 2978 robur
781 2907 877 3000 regni
894 2909 995 2978 totius
1010 2908 1158 2978 veniret:
1183 2900 1281 3000 quod

125 3002 280 3076 omnino
294 3001 519 3091 intendebat,
544 3017 586 3078 ut
603 3000 704 3097 supra
718 3003 877 3077 vidimus.
1278 3031 1281 3042 ·

180 3101 212 3188 §.
231 3093 358 3170 LXIV.
384 3097 531 3192 Reliqua
552 3103 685 3189 verba,
727 3098 770 3182 &²
792 3123 855 3172 non
868 3097 996 3193 stabit,
1029 3123 1087 3174 nec
1108 3097 1169 3195 ipsi
1191 3107 1278 3194 erit,

126 3197 255 3290 quibus
280 3207 430 3266 eventus
447 3193 670 3268 consiliorum
695 3193 966 3272 &moliminum
984 3198 1177 3290 Antiochi,
1201 3221 1278 3273 anos

130 3291 179 3369 do
207 3304 508 3378 memoratorum,
543 3289 637 3362 votis
660 3291 803 3363 minime
826 3289 1063 3384 respondens,
1088 3293 1280 3388 represenss

131 3405 247 3478 tatur,
270 3389 315 3461 ab
333 3387 586 3480 interpretibus
599 3383 692 3459 reite
708 3387 889 3479 expedita,
911 3389 997 3462 nibil
1011 3389 1163 3478 habent,
1179 3389 1278 3484 quod

132 3483 251 3562 nostra
267 3485 401 3580 indiget
415 3507 535 3578 opera.
585 3481 795 3571 Sensusest,
814 3483 1279 3563 votorumnonsoredam⁴
1353 3507 1355 3515 ⁴
1403 3511 1405 3516 ·
1460 3471 1464 3479 '

133 3599 253 3662 natent
271 3581 508 3669 Antiochum,
526 3603 606 3657 cunr
620 3603 688 3658 nec
702 3581 885 3658 consilium
901 3582 975 3674 ejus
992 3577 1121 3657 effeilu
1136 3580 1177 3656 fit
1194 3581 1277 3660 ritat-¹

133 3682 217 3756 dum
242 3681 286 3753 de
307 3679 519 3770 subiicienda
536 3681 731 3778 Aegypto,
757 3703 833 3774 quae
857 3678 957 3774 ipsius
975 3701 1049 3755 non
1066 3679 1184 3757 futura
1198 3678 1277 3770 est,

134 3801 202 3854 nec
226 3775 316 3869 filia,
356 3800 401 3853 eo
423 3777 534 3872 scopo
557 3779 657 3867 data,
693 3779 737 3854 ab
752 3781 852 3872 ejus,
886 3775 945 3852 sed
971 3779 1086 3854 mariti
1109 3780 1279 3878 regnique
1342 3783 1352 3791 ’

132 3875 290 3972 partibus
311 3873 440 3954 stanna
461 3875 542 3970 est„
574 3873 684 3975 Quod
703 3890 894 3974 utrumque
914 3875 1164 3956 aeriaferunt.
1190 3875 1219 3951 F
1221 3899 1282 3952 oe·

640 3969 802 4073 Qqqa
1112 4039 1117 4044 .
1193 3975 1284 4056 min.
