3456 4744
433 395 505 508 '71⁸
602 373 1420 465 COMMENtARIUS

435 595 509 651 non
526 566 588 646 nih
603 588 667 662 per
681 577 908 660 argumenta,
931 555 1055 650 ouibus
1072 549 1227 663 nostram
1241 551 1452 644 hypothefin
1466 553 1589 650 super·

438 669 589 754 struam,
620 660 780 736 ulciscar.
830 657 922 730 Cum
945 655 1041 727 cuim
1066 649 1283 736 rationibus,
1321 652 1355 724 dt
1380 676 1455 728 non
1473 655 1591 732 homi.

435 789 520 844 num
544 766 745 844 autoritate,
786 757 850 829 niti
874 754 1002 828 debeat
1025 748 1126 820 verbi
1149 746 1218 818 Dei
1240 747 1510 844 interpretatio,
1541 753 1589 829 ad

436 861 587 939 calculos
609 856 814 944 sedeamus,
836 851 890 941 u,
914 869 1015 944 aqua
1029 861 1128 942 parte
1144 843 1212 928 stet
1230 845 1385 940 veritas,
1411 853 1590 928 examine-

434 979 524 1036 mus.

486 1059 518 1146 §.
537 1049 760 1128 CCXXXVI.
821 1067 852 1124 1.
878 1045 1049 1138 Pericopa
1075 1065 1155 1118 cum
1176 1039 1247 1117 fine
1272 1045 1517 1122 controversia
1534 1046 1586 1126 su.

436 1151 635 1250 potioribus
656 1165 817 1224 connexa
841 1145 904 1235 fit,
927 1145 1021 1238 quod
1045 1143 1148 1216 seties
1170 1140 1362 1233 orationis,
1389 1145 1587 1240 phrasisr'iio

436 1265 594 1350 tempore,
621 1259 760 1342 tempus
782 1241 1008 1342 angustiarum
1030 1239 1185 1334 expresse
1210 1255 1469 1333 memoratum,
1502 1245 1587 1319 reia·

436 1363 472 1425 te
496 1349 539 1422 ad
563 1345 896 1440 supramemoratas
918 1340 1041 1436 populi
1064 1339 1134 1411 Dei
1156 1333 1419 1428 infestationes,
1452 1343 1586 1437 aliaque

435 1445 564 1522 indicia
587 1443 681 1516 clare
703 1443 895 1516 evincunt:
922 1433 1192 1534 precedentiasr
1209 1433 1589 1532 Judaeorumadflitiio·

437 1564 521 1618 nem
543 1539 606 1614 sub
628 1539 810 1612 Antiocho
832 1537 1035 1630 Epiphane,
1062 1535 1120 1605 vel
1141 1532 1236 1622 solo,
1263 1535 1320 1605 vel
1335 1535 1370 1608 d:
1384 1531 1472 1610 Filio
1487 1557 1586 1631 epus,

436 1641 481 1723 de
504 1659 576 1734 quo
598 1635 636 1710 su
662 1655 699 1710 ra
721 1635 996 1728 disputavimus,
1028 1629 1333 1724 complessemur3
1369 1634 1466 1728 quod
1487 1633 1585 1711 ame

438 1735 567 1831 opinor
593 1757 612 1806 e
642 1755 662 1806 e
685 1731 856 1806 eorunm:
890 1733 948 1807 hic
974 1728 1044 1822 ipse
1068 1749 1178 1804 nexus
1195 1727 1378 1804 indubium
1394 1755 1461 1824 pro
1477 1733 1588 1828 hypo.

437 1833 525 1908 thesi
548 1829 666 1908 nostra
687 1832 819 1924 praebet
836 1845 1105 1924 argumentum,
1130 1825 1224 1901 nulla
1239 1823 1432 1902 subtilitate
1448 1831 1588 1908 eluden-

438 1929 536 2006 dum.
584 1925 693 2026 Quod
716 1927 811 2000 enim
832 1926 997 2002 nonnulli
1017 1923 1167 1998 reddant
1183 1919 1254 2018 poli
1277 1925 1332 1996 hoo
1353 1941 1499 2023 tempus,
1530 1930 1589 2003 vel

436 2027 597 2124 phrafin‚
622 2028 677 2096 hoc
700 2036 858 2117 tempore,
884 2021 1021 2098 nullum
1048 2017 1195 2096 subinde
1218 2019 1261 2094 ad
1281 2018 1318 2096 su
1345 2025 1463 2100 eriora
1477 2027 1589 2122 respe-

439 2125 534 2200 diurn
556 2122 711 2210 habere,
736 2117 975 2205 contendant,
1001 2117 1220 2193 refutatione
1238 2045 1370 2195 cenAEo
1384 2119 1586 2221 indignumt

437 2223 474 2297 δι
507 2222 696 2315 desperatae
727 2215 836 2292 causae
865 2216 1047 2313 indicium.
1104 2214 1342 2312 preterquam
1368 2221 1464 2296 enim
1494 2224 1589 2318 quod

438 2339 552 2394 nextts
574 2317 612 2394 in
637 2315 703 2394 hac
723 2314 794 2390 sola
808 2313 919 2410 phrase
935 2337 1008 2390 non
1023 2313 1065 2388 fit
1081 2312 1269 2402 fundatus,
1294 2331 1336 2392 ut
1351 2318 1460 2402 modo
1474 2322 1591 2394 obser·

437 2417 548 2508 vavi3
574 2413 703 2512 phrasis
724 2413 781 2488 ilia
802 2433 871 2488 nec
889 2413 997 2491 alium
1018 2411 1075 2485 hic
1098 2411 1171 2486 sert
1191 2409 1352 2504 sensum,
1392 2438 1433 2490 ac
1455 2431 1518 2492 tem
1575 2443 1591 2495 t

438 2520 524 2604 iilo,
554 2536 623 2590 nec
651 2525 788 2588 tantum
810 2510 964 2586 admittit
987 2509 1142 2600 hiatum,
1174 2522 1215 2583 ut
1235 2511 1278 2583 ab
1302 2509 1489 2592 Antiocho
1540 2517 1590 2612 pi·

437 2613 554 2710 phane
592 2611 737 2688 immani
765 2606 852 2683 saltu
880 2605 1106 2702 prophetiam
1137 2605 1180 2678 ad
1208 2604 1465 2688 Antichristum
1491 2613 1589 2691 serat

437 2725 693 2787 transeuntem.
756 2703 847 2817 Quae
870 2705 960 2780 ratio
980 2703 1054 2796 est,
1087 2722 1194 2799 quare
1216 2703 1452 2804 Interpretes,
1489 2711 1590 2807 supe·

436 2811 532 2886 tiore
554 2807 597 2878 de
624 2801 843 2880 Antichusto
865 2823 1008 2896 quoque
1029 2803 1275 2895 interpretati,
1300 2809 1452 2882 eundem
1469 2811 1589 2886 nobis·

365 2910 371 2916 '
437 2926 519 2980 cum
542 2920 674 2975 nexum
695 2915 866 2992 urgeant,
902 2899 1003 2986 hujus
1027 2900 1206 2996 pericopae
1229 2899 1439 2976 interiectum
1459 2925 1586 3000 aprae.

437 2997 647 3074 cedentibus
669 2993 871 3086 dependere
898 2993 1141 3091 agnoscentes.
1206 2995 1289 3109 Quo
1316 2997 1486 3091 admisso,
1526 3005 1590 3080 vel

437 3095 599 3191 superior
622 3089 742 3169 nostra
764 3087 1018 3169 demonstratio
1039 3117 1080 3168 ac
1102 3093 1262 3169 tradiatro
1287 3113 1392 3188 ruat,
1432 3099 1493 3174 vel
1513 3101 1588 3176 hec

436 3197 604 3368 pegicogg
626 3191 671 3266 de
692 3189 780 3286 reip.
811 3212 876 3287 pet
899 3190 1121 3270 Maccabeos
1146 3189 1370 3271 restitutione
1394 3215 1495 3296 agat,
1527 3221 1589 3277 ne·

436 3314 479 3370 ce
508 3316 606 3368 ee.

486 3398 518 3484 ς.
538 3389 780 3470 CCXXXVII.
831 3413 864 3466 a.
890 3387 1091 3480 Michaelis,
1117 3389 1207 3464 deeris
1228 3395 1321 3465 iliius
1341 3401 1457 3492 magni
1463 3411 1521 3494 pro
1533 3411 1587 3494 po.

432 3496 511 3592 puio
526 3489 667 3584 lioutis,
694 3493 836 3581 titulus,
862 3487 991 3564 Meffiae
1015 3491 1077 3564 sub
1096 3485 1229 3563 Vetere
1244 3489 1488 3586 Oeconomia,
1515 3511 1587 3571 tan·

435 3613 539 3688 quarn
561 3589 688 3688 Augeii
709 3587 846 3689 Jehouae
863 3586 1048 3682 proprius,
1074 3608 1141 3662 nec
1160 3585 1192 3659 ei
1210 3589 1270 3661 nist
1289 3611 1335 3662 eo
1351 3607 1517 3686 tempore
1531 3593 1586 3668 da·

436 3691 467 3765 ti
489 3689 630 3778 solitus,
663 3705 724 3763 aut
743 3708 944 3784 congruus,
965 3688 1077 3780 popuii
1099 3683 1257 3758 Danielis
1277 3687 1487 3781 epitheton,
1513 3711 1585 3766 non

436 3786 500 3868 nifi
522 3789 559 3862 in
581 3803 725 3884 gentem
746 3784 902 3879 Judaeam
926 3781 1117 3875 quadrans3
1149 3783 1193 3856 de
1217 3779 1338 3858 Meiba
1351 3787 1422 3877 jam
1441 3785 1583 3862 manife-

418 3883 528 3964 ·stato
549 3883 584 3961 &
604 3885 781 3980 exaltat0,
808 3879 1033 3979 Ecclessaque
1048 3879 1262 3978 Christiana,
1288 3885 1446 3983 cogitare
1465 3901 1583 3976 vetat,

1451 4001 1584 4078 nosque
