3444 4778
389 363 460 453 m
561 319 1374 418 COMMENTAR1US

394 511 438 588 ab
467 512 663 587 Heliodoro
691 510 841 586 occultis
870 509 996 584 insidiis
1024 523 1187 597 necato,
1206 503 1266 580 sed
1295 504 1331 578 dt
1350 502 1443 578 hand
1468 503 1528 580 din

394 609 492 706 post,
519 611 707 684 Ptolemaeo
723 607 877 682 triennio
892 609 967 680 sere
982 603 1061 700 post
1074 604 1205 680 occiso.
1254 600 1340 700 Quo
1353 599 1531 695 rectissime

396 697 573 794 refertur,
597 704 693 796 quod
713 707 932 792 unissimus,
958 703 1069 796 spatio
1085 699 1257 795 temporis
1273 699 1365 774 haud
1380 699 1530 790 multum

396 795 531 892 diviso,
549 799 681 890 fresios
699 801 836 896 legatur
849 818 1011 892 uterquc.
1281 855 1289 864 .
1522 881 1527 889 Ι

445 895 631 990 §.LXXX
655 897 741 972 Haec
762 899 847 974 licet
871 896 966 972 sortc'
987 891 1186 989 adplausum
1209 906 1435 984 mereantur,
1465 896 1532 970 uti,

242 1008 249 1017 '
396 1018 465 1090 que
497 995 683 1088 Porphyrii
706 991 914 1068 sententiam
940 993 1120 1076 communi
1149 993 1435 1084 interpretationi
1465 993 1533 1084 pal·

397 1116 489 1168 marn
510 1093 698 1186 preripere
716 1093 902 1181 evincant:
929 1091 966 1166 in
981 1111 1057 1164 eam
1074 1105 1193 1164 tamen
1208 1089 1356 1180 pedibus
1370 1111 1446 1164 non
1460 1089 1534 1178 ive3

398 1193 484 1278 rim,
511 1210 584 1264 non
606 1203 745 1262 tantum
765 1187 961 1282 quodidie·
983 1185 1162 1260 Ptolemaei
1177 1185 1358 1260 molimina
1373 1186 1537 1270 intraad

401 1301 541 1380 paratus
561 1283 772 1372 manserint,
803 1283 961 1376 adeoque
984 1285 1043 1360 vix
1058 1283 1239 1368 mentione
1256 1281 1292 1356 in
1308 1281 1372 1356 hac
1384 1282 1538 1376 prophe,-

281 1439 285 1446 .
380 1383 449 1455 ‘tia
472 1382 574 1478 digna
595 1380 680 1468 lint,
705 1401 772 1454 nec
790 1379 920 1474 phrasi,
938 1377 1029 1472 flare
1050 1393 1285 1473 contraregem
1302 1376 1537 1472 Septentrionit

400 1477 637 1566 satisfaciant,
662 1474 778 1551 sedin
802 1477 942 1570 primis,
967 1477 1063 1570 quod
1084 1497 1207 1571 regem
1218 1471 1340 1560 Austri
1351 1477 1411 1547 vel
1425 1477 1540 1560 nomi,
1615 1545 1618 1550 .

399 1573 509 1650 nasset
530 1573 724 1668 Propheta,
754 1574 814 1646 vel
830 1573 900 1648 alio
914 1572 1111 1662 charadtere
1127 1594 1194 1666 pro
1208 1592 1308 1647 more
1322 1569 1406 1662 suo,
1433 1593 1542 1666 quem

402 1670 605 1747 constanter
626 1685 748 1760 tenet,
780 1668 999 1768 insigniiffet3
1033 1671 1155 1764 utique
1176 1689 1280 1758 eum,
1309 1675 1459 1756 'transire
1479 1667 1543 1760 fa,

399 1772 537 1862 cientem
556 1765 728 1840 acesinem
751 1765 844 1854 decus
869 1773 982 1861 regni,
1007 1787 1082 1842 non
1103 1783 1174 1842 tam
1195 1766 1406 1861 generaliter
1421 1765 1538 1862 adpeh

402 1861 498 1938 lasset
508 1885 518 1934 ι
528 1861 622 1954 quod
636 1855 673 1934 in
687 1863 846 1954 quemvis
865 1877 1051 1958 tyrannum
1065 1861 1261 1938 exaslorem
1276 1861 1422 1950 reeta,
1433 1881 1538 1954 quam

403 1957 441 2032 in
464 1957 560 2054 regia
578 1955 763 2050 Majestate
791 1957 976 2050 preditum
993 1960 1176 2034 convenit
1228 1959 1460 2056 lntelligamus
1475 1958 1554 2052 ita,-¹

428 2077 472 2128 ue
493 2077 557 2150 per
576 2051 746 2146 firdonem,
765 2052 825 2128 seu
839 2049 953 2148 filium
972 2056 1069 2152 eius„
1088 2055 1259 2132 Antiochi
1275 2055 1350 2143 M.,
1375 2053 1543 2142 Seserem

401 2077 682 2246 ilrilopatorem,
707 2149 819 2246 &pet
835 2158 974 2245 transire
982 2149 1163 2244 smientcm
1176 2153 1350 2228 eraderem
1363 2153 1456 2238 decus
1472 2175 1546 2250 reg·

403 2254 441 2323 ni
467 2245 725 2338 Heliodorum,
748 2272 790 2324 ac
808 2249 946 2325 Seleuci
969 2272 1095 2328 necem
1116 2272 1180 2344 per
1202 2249 1390 2338 Heliodori
1409 2249 1548 2340 infidia,

334 2425 337 2430 ,
403 2345 462 2420 hic
484 2346 624 2444 depingi
648 2345 849 2425 statuamus.
898 2345 1006 2446 Quod
1030 2346 1141 2424 solum
1158 2346 1382 2441 praedictione
1399 2348 1546 2446 dignum

404 2442 473 2518 fuit
495 2445 674 2532 habitum,
699 2463 780 2519 cum
801 2443 996 2536 quodnihil
1009 2444 1152 2536 alicuius
1166 2445 1340 2520 momenti
1359 2449 1473 2542 egerit
1483 2446 1545 2519 Se·

404 2540 552 2630 leucus,
577 2541 635 2631 qui
658 2541 822 2634 «infoderat
836 2543 909 2638 alpe
926 2547 950 2647 ᾗ
966 2545 1104 2620 ἀσθενεῖς
1115 2539 1229 2637 otiosus
1245 2539 1287 2625 s?
1303 2537 1454 2635 infirmus
1470 2563 1545 2639 teg·

404 2639 522 2724 navit,
554 2634 641 2710 teste
663 2635 829 2728 Appiano
850 2667 889 2730 a,
919 2639 1021 2712 nullis
1044 2639 1165 2728 bellis,
1195 2639 1547 2714 autconcertacioni·

404 2721 470 2818 hus
500 2733 543 2804 dc
573 2729 772 2822 Coelesyria
798 2754 837 2805 ac
858 2729 977 2824 Judaea
999 2753 1080 2808 curn
1105 2755 1188 2831 rege
1211 2734 1333 2813 Austri
1353 2735 1542 2830 implicitus

405 2825 535 2912 fucrit,
561 2847 638 2918 quae
644 2827 870 2992 1praecipuam
893 2828 994 2918 hujus
1012 2830 1167 2906 vaticinii
1183 2833 1364 2908 materiam
1383 2829 1539 2920 faciunt,

404 2940 481 2996 turn
505 2936 546 2994 ut
569 2923 643 3014 inju
673 2945 692 2994 a
713 2923 881 2996 Antiochi
905 2922 958 2997 M.
984 2923 1166 3016 facinora,
1199 2930 1329 3004 nonin
1351 2927 1541 3016 casotum,

403 3017 462 3094 sed
487 3017 520 3088 dt
541 3015 646 3110 stirpe
662 3017 759 3108 ejus,
782 3033 843 3092 aut
858 3039 931 3094 uno
947 3019 1118 3111 filiorum,
1141 3024 1242 3098 fnisse
1264 3027 1462 3113 vindicata,
1485 3023 1544 3096 ad·

404 3130 565 3210 pareret,
590 3113 683 3208 quod
703 3111 789 3190 scitu
803 3115 946 3214 dignum
965 3133 1051 3196 erat.
1090 3119 1358 3208 Percurremus,
1383 3119 1545 3214 hacjasia

319 3275 323 3284 .
405 3207 611 3306 hypothesi,
635 3213 770 3304 verba,
796 3213 850 3303 dr,
874 3213 935 3290 ubi
952 3214 1184 3314 indiguerint,
1208 3219 1321 3314 aliqua
1341 3219 1545 3297 lucedone·

407 3332 496 3393 mus.

405 3463 411 3471 .
452 3412 484 3498 §.
502 3403 657 3482 LXXXI.
683 3399 734 3478 Et
754 3401 1034 3501 corrtrestelenem
1058 3410 1154 3498 eius,
1181 3408 1239 3484 seu
1254 3408 1362 3490 filium
1376 3411 1549 3488 Antiochi

405 3501 480 3593 M.,
505 3485 692 3579 Seleucum
710 3501 993 3594 Philopatorem,
1018 3526 1122 3598 quent
1138 3506 1365 3602 significatum
1382 3511 1482 3585 vocis
1500 3535 1544 3586 ua

403 3599 505 3697 supra
527 3605 542 3660 b
563 3597 764 3688 adfirmavi,
786 3599 911 3690 stabii,
936 3617 1098 3694 tanquam
1120 3606 1264 3678 aernulus
1285 3605 1545 3684 &adversarius

402 3698 499 3790 ejus,
531 3697 716 3792 praecipuae
735 3695 812 3790 post
832 3697 953 3794 segem
977 3699 1173 3774 autoritatis
1201 3701 1277 3776 vir:
1304 3723 1408 3796 quem
1429 3699 1546 3774 Helie·

1435 3798 1547 3888 dorum

439 3911 538 3986 esp.
561 3929 589 3988 p.
606 3877 686 3976 ¹212,
762 3913 779 3973 h
800 3911 871 3974 vers.
894 3929 921 3990 7.
