3428 4742
291 435 318 536 J
397 443 469 499 tto·
534 423 571 498 D
620 421 654 498 A
702 419 751 499 N'.
825 447 891 503 xi:
945 428 1004 522 35.
1204 433 1284 534 639'

128 607 246 683 emnia
268 607 333 682 alia
361 607 589 694 abeuntium,
623 607 793 683 autoritas
819 607 948 702 aliquid
970 624 1081 683 morae
1099 607 1275 698 injiceret.

127 709 271 800 Absque
292 707 358 778 hac
380 709 475 782 enirn
499 703 584 780 effet
598 707 809 795 autoritate,
835 706 1050 800 hypotheses
1070 725 1196 782 eorum
1212 706 1286 782 suo·

69 863 74 866 .
124 803 335 896 reliquiss'em
353 805 458 893 loco,
485 803 677 878 &intactas
694 803 949 898 praeteriiiiem.

175 910 206 995 §.
231 900 442 975 CLXXVII.
466 901 619 975 Veteres
642 899 826 975 Christiani
842 903 1058 996 interpretes
1071 903 1279 980 universam

125 1003 170 1075 tie
188 1001 369 1074 Antiocho
391 999 636 1092 prophetiam,
662 999 785 1072 avers.
802 1020 860 1073 rt.
886 999 1049 1075 adfinem
1068 1023 1209 1095 usque,-
1230 998 1277 1074 aci

1 1141 3 1145 >
125 1095 413 1185 Antichristum,
431 1097 555 1170 ultimo
577 1113 739 1190 ternpore
756 1095 938 1186 futurum,
966 1113 1167 1186 traxerunt,
1189 1097 1289 1173 teste

126 1198 373 1287 Hieronymo,
397 1195 457 1286 qui
480 1193 701 1268 Antiochum
724 1195 758 1267 iit
779 1194 1035 1270 Antichristum
1059 1215 1128 1270 una
1145 1197 1202 1268 hic
1217 1199 1277 1268 de·

126 1296 227 1390 pingi
245 1301 423 1379 autumat,
450 1309 554 1384 quem
570 1290 737 1386 deinceps
754 1289 871 1384 passim
886 1291 996 1366 secuti
1014 1291 1107 1366 sunt.
1131 1291 1276 1367 Rectius·

68 1471 72 1479 ,
128 1390 341 1487 &piantur
364 1386 517 1463 nostram
534 1405 691 1464 mentem
706 1387 854 1465 instituit
869 1389 1136 1483 Chrysostomus
1153 1417 1191 1481 a,
1218 1389 1287 1488 qui»

127 1497 242 1564 t'otam
270 1487 472 1581 pericopam
502 1487 563 1559 uni
587 1487 768 1561 Antiocho
790 1487 964 1583 Epiphani
990 1488 1150 1581 adplicat.
1208 1487 1288 1561 Re·-

127 1588 306 1662 tentiores
321 1585 484 1659 intrariae
502 1584 706 1658 scinduntur
723 1601 858 1678 partes,
885 1597 930 1660 ne
947 1585 989 1656 de
1005 1585 1132 1677 judaeis
1148 1585 1285 1658 dicam.-

126 1685 187 1757 De
204 1683 391 1772 Romanis,
417 1683 568 1777 primum
586 1683 793 1779 gentilibus,
818 1684 899 1756 dein
915 1681 1115 1757 Christianis
1131 1682 1190 1756 seu
1205 1682 1289 1756 An·-

127 1779 375 1867 tichtistianis,
403 1781 627 1876 Neuwtonus
647 1783 818 1872 tethyn,
842 1779 875 1874 J.
891 1779 1019 1853 Muthis
1037 1779 1126 1853 veri.
1145 1779 1202 1874 36.
1225 1775 1280 1874 agi

127 1880 286 1975 incipere
306 1874 436 1952 censet.
487 1877 526 1951 In
543 1876 711 1953 Romanis
727 1877 927 1950 Gentilibus
943 1889 1024 1951 aute
1039 1875 1196 1950 uterium
1212 1876 1290 1950 hteoe

69 1998 73 2006 ’
128 1993 227 2052 reta
247 1975 335 2050 vers.
359 1979 416 2070 36.
443 1970 640 2064 Calvinum¹
668 1970 868 2049 Christianae
891 1976 1067 2070 primuni,
1099 1976 1181 2049 dein
1207 1973 1281 2047 An·

129 2073 381 2160 tichtistianae,
423 2071 586 2146 Eccleirae
610 2073 682 2148 fata
706 2097 726 2147 a
747 2073 834 2147 vert.
861 2096 918 2166 33..
952 2074 1117 2167 pertesi,
1142 2069 1290 2144 'statuit

130 2171 323 2262 Cocceius,
350 2171 393 2241 ad
415 2167 606 2244 Ecclesiam
629 2169 941 2243 Antichristianam
961 2169 1124 2242 referunt
1144 2192 1162 2240 a
1182 2164 1275 2238 vers.

134 2271 190 2360 36.
214 2269 368 2358 plurimi·
416 2265 633 2338 Antiochum
650 2265 685 2337 δι
702 2264 955 2339 Antichristum
971 2263 1061 2336 vers.
1080 2267 1124 2355 36
1139 2265 1171 2335 δι
1186 2261 1291 2354 seq,

131 2381 175 2437 ttt
202 2378 325 2456 typum
343 2361 376 2432 δι
394 2361 615 2453 antitypum,
647 2361 867 2456 coniungunt
891 2359 967 2448 alii,
992 2361 1044 2431 uti
1061 2361 1167 2432 etiam
1183 2357 1281 2435 Pola·

132 2483 220 2546 nus,
246 2460 333 2553 qui,
359 2455 402 2529 de
422 2455 607 2530 Antiocho
629 2454 760 2528 directe
779 2457 812 2528 δι
834 2455 950 2548 ptimo
969 2453 1068 2530 sensu
1086 2457 1159 2552 agi,
1185 2451 1292 2526 rethe·

131 2558 310 2634 nonnuliis
332 2554 703 2651 argumentisprobat.
741 2553 811 2628 Sed
824 2575 896 2626 non
912 2553 1061 2640 desunt,
1087 2553 1170 2645 qui,
1197 2551 1285 2624 Pon·

131 2657 298 2751 phyrium
320 2653 454 2741 secuti,
488 2652 579 2724 intra
601 2651 773 2726 Antiochi
800 2647 955 2725 instituta
980 2649 1049 2723 sese
1068 2651 1291 2738 continent,

131 2763 171 2827 ut·
190 2753 336 2846 junius,
369 2749 616 2848 Brughtonus,
656 2747 923 2842 L’Empercur,
954 2747 1142 2836 Rollocus,
1174 2746 1287 2842 Jung··

129 2873 297 2938 mannus,
327 2849 518 2936 Launaeus,
543 2845 624 2937 alii,
647 2847 706 2940 qui
724 2861 840 2922 tamen
858 2868 931 2922 non
949 2863 1101 2943 negant,
1128 2844 1292 2919 nonnul*

131 2950 184 3022 los
208 2950 348 3021 colores
368 2947 411 3020 ad
434 2943 690 3020 Antichristum
715 2965 857 3038 quoque
879 2945 1067 3038 pertinere.
1119 2943 1199 3016 Nec
1216 2944 1281 3016 cir·

131 3067 173 3116 ua
202 3043 373 3134 suhjeiium
394 3044 615 3135 prophetice,
652 3063 692 3113 ac
715 3042 928 3134 hypothesin
955 3065 1031 3117 eant
1055 3040 1282 3134 explicandi,

133 3155 320 3232 tantopere
339 3135 457 3209 secum
471 3135 646 3219 diffident,
657 3155 781 3208 verum
798 3138 838 3208 in·
850 3137 987 3232 hogulis
1003 3140 1158 3230 partibus
1175 3156 1282 3212 trarrsa

132 3235 287 3310 ferendis
318 3233 446 3319 iidem,
485 3233 545 3322 qui
574 3231 693 3303 secum
725 3226 970 3318 consentiunt,
1003 3236 1038 3305 in
1061 3233 1292 3306 diversissima

133 3339 295 3410 abeunte
311 3351 379 3404 nec
405 3329 553 3414 mirum,
587 3343 666 3400 eunt
689 3327 725 3400 in
746 3328 920 3414 tenebris,
952 3329 989 3400 in
1010 3351 1091 3419 quus
1110 3327 1143 3400 se
1163 3329 1283 3401 induet

134 3447 237 3516 runt,
263 3424 740 3518 faihausumtahypor·het'1‚
765 3425 932 3497 oberrare
951 3423 1113 3498 debeant.
1156 3425 1283 3496 Diver-
1410 3457 1415 3469 ·

134 3526 271 3602 flumas
292 3527 394 3599 haste
418 3523 609 3617 opiniones
629 3522 838 3595 ati-eramen·
851 3543 1041 3610 revocare,
1068 3539 1135 3595 nec
1150 3518 1296 3594 institu-

136 3627 164 3701 ti
188 3625 280 3698 ratio
302 3623 393 3709 fert,
421 3643 489 3695 nec
511 3617 651 3694 neccsse
671 3619 745 3707 est',
771 3642 851 3693 cum
868 3620 993 3714 partim
1010 3618 1044 3691 se
1062 3620 1215 3693 int-icem
1232 3639 1285 3690 re·

138 3724 278 3814 tutent,
305 3724 453 3816 partim,
480 3741 562 3792 vera
580 3706 767 3811 hypothesi
781 3716 913 3791 adserta
928 3718 960 3790 At
976 3715 1157 3808 explicita,
1182 3715 1295 3809 spon--

139 3840 176 3898 ue
199 3833 367 3894 corruant
392 3819 555 3910 relique,
582 3818 707 3910 partim
725 3821 848 3910 parum
865 3817 998 3914 negotii
1014 3815 1183 3890 faccffant
1198 3813 1285 3904 illis,

1225 3937 1261 3999 th

178 4063 196 4101 a
218 4041 300 4102 Orat.
321 4057 350 4100 v.
373 4051 470 4098 contta
491 4037 614 4116 Judacos
634 4054 714 4116 oper.
736 4051 757 4099 t.
781 4055 806 4101 1.
827 4054 855 4116 p,
877 4041 945 4110 639.
967 4035 1011 4102 ed.
1033 4053 1115 4100 not..
1202 3937 1224 4012 q
1270 3963 1286 4008 ›
