3444 4778
404 410 480 498 482·
586 383 928 502 COMXM'E
967 381 1006 484 N
1043 379 1404 486 TARLUS
1493 487 1495 492 Ι

403 580 498 652 iilam
522 575 631 660 farta,
657 573 715 646 vel
739 567 998 657 exornatione,
1029 565 1132 656 variis
1150 561 1279 658 Judaeae
1294 564 1392 662 genti
1408 587 1556 642 conces·

404 675 446 748 srs
470 673 681 768 privilegiis,
715 670 1007 761 interpretantur.
1065 664 1133 736 Sed
1157 685 1187 736 r.
1202 665 1442 756 occupatione
1463 663 1614 744 Coe-²,

404 771 537 862 lesyriae
552 791 592 841 ac
608 764 791 839 Palaestinae
807 763 907 856 supra
918 765 995 861 jarn-
1007 759 1186 854 praedidia,
1204 759 1238 835 dc
1255 759 1456 858 descripta,
1477 785 1555 839 eam

405 867 489 960 quid
512 867 569 938 hic
592 865 727 938 adtinet
741 859 934 958 repetere?
962 879 998 959 23
1016 856 1096 930 Nec
1113 856 1196 950 quid
1210 857 1314 946 illud,
1331 857 1424 951 stare
1439 866 1475 932 in
1492 876 1556 932 ter·

403 965 610 1049 sudatoria,
648 959 840 1052 emphaiios
867 955 1016 1044 habeat,
1057 955 1100 1026 ad
1121 955 1337 1048 superiorem
1360 957 1556 1050 expeditio·

405 1085 487 1134 nem
514 1061 684 1144 relatiua,
710 1056 965 1155 ,explicuerunt
987 1053 1227 1144 Interpretes,
1261 1075 1328 1126 nec
1352 1076 1426 1146 quo
1444 1058 1555 1129 verbu

404 1158 564 1231 tendant.
598 1177 631 1247 3.
651 1151 941 1247 Consummatiortis
959 1171 1029 1226 vox
1040 1171 1183 1243 quoque
1201 1169 1268 1222 nec
1282 1150 1318 1222 in
1336 1152 1462 1226 malam
1479 1175 1556 1247 par·

403 1270 499 1341 tem,
526 1275 594 1345 pro
613 1247 817 1343 vastatione,
848 1248 973 1322 necin
998 1250 1129 1320 bonam
1150 1269 1216 1339 pro
1233 1253 1459 1336 exornatione,
1484 1251 1557 1322 huc

404 1351 579 1444 quadrata
596 1349 639 1421 ah
663 1362 822 1440 utraque*
835 1347 930 1420 enim
949 1345 1100 1420 multum
1117 1343 1313 1432 afuerunt,
1337 1367 1414 1438 quae
1427 1345 1555 1438 Judais

405 1449 475 1520 hoc
500 1462 663 1539 tempore
684 1447 779 1518 bona
800 1459 861 1517 aut
876 1443 966 1518 mala
982 1445 1224 1539 contigerunt.
1272 1441 1355 1515 Paffi
1369 1441 1451 1516 sunt
1467 1443 1555 1516 mul-

405 1561 483 1618 tum
508 1565 573 1637 per
594 1551 732 1617 mutuas
747 1543 820 1614 illas
834 1540 1121 1615 concertationes
1137 1561 1257 1636 regum
1273 1541 1427 1636 Aegypti
1445 1539 1480 1611 dt
1495 1541 1558 1632 Sy·

405 1645 486 1730 riae,
514 1641 572 1714 sed
598 1661 665 1714 nec
688 1641 731 1711 ab
750 1638 956 1726 Antioche,
982 1638 1025 1708 de
1043 1659 1115 1730 quo
1132 1635 1190 1708 hic
1206 1636 1339 1731 agitur,
1365 1637 1459 1724 solo,
1487 1659 1557 1710 nec

343 1795 347 1801 .
406 1739 449 1809 ad
471 1735 684 1830 uastationem
706 1758 837 1830 usque,
863 1735 967 1826 quam
989 1755 1060 1804 vox
1083 1733 1359 1828 consummationis
1379 1733 1555 1824 invoivit,

406 1834 438 1905 u
461 1831 661 1907 constanter
682 1831 859 1926 exprimit
910 1831 1094 1926 Privilegia
1108 1830 1247 1922 quidem
1262 1832 1298 1904 in
1313 1829 1450 1924 Judaeos
1466 1853 1551 1905 con·

404 1930 488 2004 tulit
510 1929 732 2017 Antiochus,
769 1953 788 2001 a
808 1925 1002 2021 Josephoo
1023 1927 1216 2015 recensata,
1241 1923 1340 2000 seda
1361 1924 1552 2022 consumma·

406 2033 493 2100 tione
516 2029 550 2100 δι
574 2023 912 2120 perfeoionestarus
929 2025 1067 2121 longius
1083 2041 1240 2113 remota,
1267 2040 1307 2097 ut
1322 2027 1471 2118 cuique,
1495 2025 1555 2116 Jo-

405 2123 503 2218 sephi
521 2125 639 2200 locum
656 2123 808 2217 legenti,
835 2121 988 2215 adparet.
1028 2119 1200 2212 Caperem
1217 2123 1358 2216 potius,
1383 2145 1467 2214 cum
1478 2121 1555 2194 Bel·

405 2222 457 2318 gis
480 2218 628 2308 nostris,
654 2217 776 2294 Dostis
800 2217 915 2306 Viris,
941 2220 1001 2312 qui
1021 2217 1132 2292 Biblia
1156 2221 1247 2292 notis
1265 2217 1503 2308 illustrarunt,
1530 2219 1554 2295 fi

405 2336 520 2394 meam
542 2318 695 2392 facerem
719 2339 796 2390 eam
815 2318 1045 2410 opinionem,
1072 2317 1115 2386 de
1131 2315 1289 2388 absoluta
1305 2315 1477 2390 Antiochi
1493 2338 1556 2410 po·

286 2439 290 2448 ⁴
405 2415 531 2492 testate
555 2415 590 2487 in
607 2413 818 2488 Palaestinam
833 2435 873 2485 ac
890 2429 1031 2578 pentem
1046 2411 1221 2502 Judaeam,
1248 2431 1316 2502 qua
1330 2412 1367 2485 in
1382 2436 1483 2486 manu
1498 2415 1555 2488 ha·

404 2513 513 2586 bebat
535 2510 572 2588 'dc
597 2509 821 2603 plenishmam
845 2509 888 2578 de
919 2507 1136 2600 tottionem,
1168 2507 1390 2583 &summam
1408 2531 1556 2586 exorna·

404 2609 542 2688 tionem
549 2629 560 2693 ;
586 2607 691 2680 instar
707 2603 857 2697 supremi
873 2604 1041 2693 Domini,
1066 2607 1103 2678 in
1126 2601 1375 2696 tamastanus,
1401 2607 1436 2680 u
1452 2609 1495 2680 de
1510 2631 1553 2682 ea

404 2728 471 2798 pro
493 2703 639 2776 arbitrio
653 2704 884 2794 disponentis.
933 2702 1002 2774 Sed
1021 2703 1103 2792 quid
1118 2696 1177 2772 fibi
1196 2701 1270 2793 ejus
1285 2703 1439 2798 expressa
1453 2725 1555 2796 rnen·

374 2847 380 2856 ι
406 2803 458 2874 tio
481 2803 538 2876 hic
555 2800 662 2886 velit,
681 2797 721 2868 r&
738 2819 842 2890 quam
859 2795 1033 2892 emphasin
1050 2799 1197 2889 habeat,
1222 2821 1297 2874 nors
1314 2801 1484 2896 intelligo.

378 2897 381 2904 ‘
454 2900 485 2984 §.
502 2893 630 2968 LVtrt.
656 2892 917 2989 conjungamus
946 2893 1084 2987 itaque,
1119 2897 1283 2996 versuum
1306 2895 1548 2991 distinctione,

405 2993 501 3085 quod
525 2991 633 3062 licere
657 3006 767 3083 puto,
794 2991 960 3085 migrata,
987 3015 1067 3067 cum
1093 2992 1338 3086 sequentibus,
1365 2995 1475 3090 dtpro
1491 2997 1556 3092 ge·'

405 3089 514 3162 nerali
543 3087 647 3175 thess,
682 3109 765 3160 mox
790 3089 994 3190 suplicando
1023 3091 1108 3165 vers.
1136 3113 1193 3187 ¹7·
1224 3091 1434 3181 habeamus;
1467 3093 1550 3168 Pro·

403 3185 602 3280 phetiaeque
627 3185 833 3279 elegantiam
856 3186 1161 3264 &accurationem
1182 3187 1273 3261 haud
1288 3187 1477 3264 difficulter
1492 3192 1549 3263 de-

403 3303 574 3380 tegemus.
627 3282 813 3358 ratarum
833 3304 1015 3378 occupatae
1030 3288 1265 3381 descriptione
1282 3285 1391 3374 farta,
1419 3285 1547 3364 &ieli-

404 3383 480 3474 quis
511 3381 677 3456 Antiochi
707 3381 1010 3474 expeditionibus,
1048 3407 1124 3458 eam
1147 3383 1300 3474 secutis,
1335 3387 1371 3460 in
1400 3383 1492 3462 Asrae
1513 3387 1553 3462 dc.

402 3479 564 3554 Thracia
580 3479 760 3562 civitates,
784 3479 825 3552 ad
841 3477 983 3576 scopum
1001 3483 1196 3574 prophetiae
1210 3484 1293 3554 nihii
1311 3483 1548 3578 facientibuS,

401 3575 540 3652 sdentio
563 3576 699 3670 pressas,
734 3577 932 3652 Antiochus
956 3579 1075 3652 denuo
1095 3579 1130 3651 in
1152 3577 1482 3670 Judaeaeonfistens
1497 3581 1549 3658 irs.

404 3677 625 3760 traducitur,
651 3697 734 3748 cum
757 3690 799 3746 ut
821 3695 903 3747 etim
925 3673 1002 3770 post
1026 3677 1381 3766 modopmemoratam
1406 3681 1548 3773 expedi-

404 3775 565 3862 tionem,
602 3773 636 3843 &
666 3785 796 3846 terram
820 3771 1172 3868 iliamoccupatam,
1206 3775 1275 3847 alio
1296 3773 1479 3863 seccffiffe,
1512 3781 1547 3852 in

1431 3871 1547 3954 Atiam

442 3966 548 4056 a'Ant.
567 3998 587 4058 l.
604 4013 672 4058 111.
696 4013 719 4060 c.
734 4017 766 4078 3,
