3502 4758
411 379 483 448 104
598 333 1407 425 DISSERTATIONES

412 547 504 624 Cum
519 567 590 644 quo
604 542 630 618 fi
645 541 740 639 quod
754 541 799 617 de
815 538 924 614 Dario
940 535 1040 610 Meda
1057 551 1176 612 narrat
1189 536 1281 612 Dan.
1295 559 1358 614 vr:
1375 559 1412 630 2,
1428 559 1461 634 3.
1475 557 1575 618 com·
1602 493 1606 502 Ι

413 661 580 743 paretur,
605 657 684 718 tum
710 638 774 732 id,
800 635 897 733 quod
919 635 1032 709 Dario
1060 630 1173 710 Medo
1195 635 1390 730 imputavi,
1415 637 1572 733 tumsca.

408 761 473 842 pas
493 739 672 822 divisionis
694 739 794 836 regni
811 737 858 825 ab
873 756 919 808 eo
932 729 1120 824 institutae,
1146 734 1206 828 qui
1220 734 1438 830 interpretes
1455 734 1573 832 pailim
1705 734 1708 739 ’

413 842 528 938 fugit,
553 861 621 914 nec
644 854 763 913 tamen
786 834 839 908 lll.
862 830 1114 920 Marsdamum,
1143 831 1203 926 qui
1227 839 1271 906 de
1291 854 1358 924 eo,
1390 850 1431 908 ut
1451 832 1573 929 postea

414 940 512 1028 vidi,
537 936 667 1031 aliquid
688 933 828 1010 monuit
850 931 927 1006 Sec.
951 949 1082 1002 xv111:
1099 950 1135 1022 p.
1152 931 1235 1004 608.
1257 931 1370 1020 clare,
1395 931 1434 1006 ni
1448 932 1570 1024 sallor,

411 1035 602 1112 elucescet.
655 1033 890 1106 Tributorum
911 1025 1175 1120 imposrtionem
1193 1029 1231 1110 ¹ei
1253 1028 1290 1102 in
1312 1029 1431 1102 animo
1446 1029 1569 1121 furiis,

409 1135 472 1208 etsi
485 1133 565 1227 iplis
586 1131 704 1204 verbis
729 1150 804 1202 non
820 1147 865 1198 ex
891 1123 1067 1214 rimatur,-
1082 1145 1126 1198 ex
1141 1123 1240 1198 dictis
1257 1148 1333 1200 non
1347 1141 1484 1202 tantum
1497 1129 1569 1202 col-

408 1231 548 1329 ligitur,
581 1227 641 1302 sed
671 1225 778 1299 tacite
810 1225 848 1296 in
863 1235 1006 1322 muatur
1034 1218 1123 1294 vers.
1147 1243 1178 1316 3.
1209 1223 1273 1295 ubi
1292 1223 1405 1298 tribus
1427 1223 1567 1300 summis

407 1326 584 1424 praefedlis
617 1323 794 1398 rationem
818 1315 1009 1410 aSatrapls
1031 1314 1092 1391 seu
1112 1323 1378 1418 procuratoribus
1401 1321 1471 1395 elle
1491 1323 1569 1397 red·

408 1427 559 1500 dendam
585 1421 734 1506 dicitur,
759 1441 798 1491 ne
822 1419 894 1512 regi
907 1411 955 1506 fit
976 1425 1020 1584 Ru
1036 1416 1148 1489 damni
1162 1416 1268 1511 quid3
1293 1420 1500 1493 inmanibus
1516 1421 1567 1494 ni·

410 1523 541 1600 mirum
555 1518 590 1592 dc
603 1521 758 1591 triburis:
784 1514 846 1609 qui
859 1510 975 1587 ususe
1021 1513 1121 1587 vocis
1137 1511 1216 1588 Ezr.
1236 1535 1292 1592 1v:
1310 1537 1367 1612 13,
1383 1539 1441 1592 22.
1482 1517 1570 1614 Sup-

411 1619 505 1716 petit
525 1616 626 1693 nobis
650 1613 684 1687 &
705 1613 800 1688 aliud
826 1610 1016 1700 indicium,
1048 1612 1198 1686 omnino
1212 1615 1431 1704 notandum,
1456 1615 1571 1690 imita·

411 1717 519 1794 tionis
544 1714 648 1807 hujus
669 1710 783 1786 nostri
803 1707 905 1782 Darii
923 1707 1025 1782 Medi
1046 1709 1082 1783 in
1104 1709 1217 1785 Dario
1239 1707 1438 1804 Hystaspis,
1472 1713 1570 1805 quod

411 1829 539 1890 mamma
563 1834 610 1888 ex
635 1831 723 1884 auro
745 1803 923 1902 puriffimo
945 1803 1021 1904 ausa
1042 1807 1197 1882 exhibet
1220 1803 1396 1883 Herodot.
1419 1808 1443 1883 l.
1461 1833 1519 1887 ιν.
1536 1834 1568 1887 c.

414 1915 494 1988 166.
541 1909 690 1984 Darium
713 1904 889 2000 Hystaspis
910 1927 994 1978 novo
1015 1910 1154 2000 exemplo
1178 1927 1222 1980 er
1242 1927 1357 1994 auro,
1384 1928 1489 2000 quam
1505 1929 1570 2003 po·

410 2010 502 2102 tuit,
524 2002 744 2105 purgariffima
758 2017 917 2078 monetam
954 1999 1290 2099 ercafflffiadfirmat:
1331 2002 1469 2079 Verum
1484 2023 1567 2082 ante

409 2106 524 2202 ipsum
544 2104 652 2180 fimile
677 2101 760 2197 quid
781 2100 887 2201 egiffe
948 2106 1059 2174 arium
1079 2101 1338 2196 antiquiorem,
1365 2122 1441 2176 non
1458 2103 1564 2182 alium

408 2207 532 2300 utique
555 2226 595 2279 ac
614 2199 775 2292 Medum,
802 2223 848 2276 ne
870 2199 1016 2272 Graecos
1038 2197 1177 2293 quidem
1203 2196 1339 2271 latuiffe
1355 2217 1565 2369 aigumento

362 2327 366 2334 ·
406 2301 485 2395 est,
510 2301 606 2397 quod
626 2323 790 2378 nummos
816 2297 959 2372 Darimr
979 2317 1055 2370 non
1080 2297 1124 2369 ab
1144 2293 1343 2388 Hystaspis,
1396 2299 1441 2372 ed
1463 2314 1566 2376 vetu-
1601 2375 1603 2382 Ι

405 2401 512 2477 stiore
535 2421 670 2476 nomen
689 2396 860 2493 accepisse
885 2396 1026 2471 tradant
1051 2391 1156 2468 Sahal.
1178 2389 1359 2487 Ariiioph.
1385 2395 1423 2470 in
1441 2407 1561 2480 lemna.

406 2500 496 2574 veri.
519 2503 600 2592 598.
625 2499 660 2572 &
682 2519 726 2572 ex
748 2519 796 2571 eo
819 2494 959 2583 suidas,
1000 2513 1167 2566 necnon
1196 2505 1350 2585 utroque
1381 2495 1562 2590 antiquior

405 2595 609 2688 Harpocran
627 2595 663 2667 in
679 2593 789 2683 Len,
817 2591 946 2683 quoda
961 2587 1165 2682 Dodlisjam
1183 2586 1234 2661 est
1247 2605 1475 2686 occupatum.
1490 2589 1559 2666 Sed

406 2691 554 2768 diversae
577 2692 641 2764 hac
667 2690 711 2763 de
734 2711 773 2762 re
790 2685 1110 2762 Grammaticorum
1128 2687 1162 2762 ἃ
1180 2687 1357 2764 Herodoti
1369 2687 1560 2764 relationes

406 2792 445 2866 in
467 2789 697 2862 concordiam
727 2808 803 2861 non
824 2784 887 2859 nifi
907 2807 950 2858 ex
977 2781 1093 2858 nostra
1113 2784 1320 2879 hypotheli,
1353 2807 1427 2878 quae
1447 2785 1559 2862 doctis

340 2899 343 2908 ‘
404 2889 444 2962 in
464 2901 620 2962 mentem
642 2907 715 2960 non
742 2883 865 2973 venit,
897 2881 1007 2977 redigi
1033 2880 1185 2974 poliunt.
1242 2883 1440 2977 Utrumque
1464 2886 1562 2964 enim

406 3007 533 3061 verum
557 2981 631 3073 est,
655 2982 689 3056 δι
715 2983 863 3057 Darium
887 2978 1144 3072 antiquiorem,
1178 2979 1432 3076 &Hystaspis,
1456 3008 1563 3060 mone·

407 3100 476 3158 ram
496 3079 647 3172 cudiile,
685 3081 783 3155 illum
805 3081 901 3154 inter
915 3077 1042 3150 Medos
1057 3077 1232 3171 primum,
1258 3081 1354 3155 hunc
1370 3078 1466 3155 inter
1481 3083 1562 3160 Per·

405 3189 477 3272 sasq
503 3180 654 3256 &hunc
678 3168 720 3251 ad
742 3178 833 3252 illius
857 3175 1079 3268 exemplum3
1103 3175 1263 3270 adeoque
1288 3180 1332 3251 ab
1355 3177 1475 3254 hoo&
1497 3183 1560 3258 illo

405 3278 551 3354 Dariros
565 3299 726 3354 nummos
742 3272 890 3369 potuiiie
906 3273 1083 3368 adpellari.
1121 3275 1230 3371 AEgre
1243 3275 1360 3368 itaque
1377 3300 1451 3351 non
1468 3277 1564 3356 feret

403 3375 623 3454 amiciffimus
643 3376 679 3450 P.
701 3372 896 3472 Weileliqrg
916 3371 1000 3446 Obs.
1028 3372 1061 3445 S.
1077 3371 1099 3444 l.
1122 3393 1177 3446 11.
1194 3394 1226 3445 c.
1243 3393 1300 3445 22.
1317 3373 1374 3470 qui
1391 3396 1434 3447 ex
1446 3374 1562 3453 Hero·

402 3477 520 3566 doto,
547 3471 658 3547 Dario
680 3471 858 3567 Hystaspis
884 3491 1087 3572 mammarum
1110 3467 1142 3540 dr
1165 3473 1304 3543 nominis
1322 3473 1497 3570 originem
1512 3477 1563 3551 in·

404 3589 460 3648 ter
484 3573 599 3647 Perias
623 3572 866 3646 vindicandam
886 3565 977 3662 elle,
1008 3563 1102 3638 recle
1122 3563 1348 3660 observavit,
1370 3572 1558 3648 medicam

286 3749 292 3760 ,
403 3685 597 3766 propterea
619 3667 801 3761 cumlplo
826 3665 1058 3736 Grammaticis
1074 3662 1328 3744 nonscribere.
1372 3665 1471 3740 Dicit
1486 3671 1561 3761 qui-

405 3768 486 3841 dem
511 3765 718 3840 Herodotus
741 3761 882 3835 similem
906 3778 1087 3834 monetam
1109 3781 1128 3838 a
1151 3765 1241 3836 mallo
1266 3767 1336 3838 alio
1359 3787 1433 3860 rege
1455 3764 1554 3838 fuisse

403 3861 616 3960 perculiam:
651 3860 729 4011 scd,
756 3857 818 3934 nili
839 3857 875 3932 in
898 3879 945 3932 eo
966 3859 1083 3956 lapsus·
1099 3857 1229 3953 fuerit,
1263 3864 1321 3937 vel
1348 3859 1392 3936 de
1413 3864 1557 4055 gigifibaeuf
