3426 4756
431 433 502 529 296
606 416 1427 508 nrsseurnrrouus
1542 497 1547 522 ξ

420 634 479 688 aer.
494 611 563 688 Sel.
582 631 659 702 145.
685 608 818 685 sottum
832 607 903 682 else
918 629 964 683 ex
978 605 1132 682 Historia
1146 606 1325 681 neminem
1340 605 1446 702 fugit
1472 603 1573 678 Bien-

421 711 483 784 nio
505 724 587 784 ante
609 709 808 783 Antiochus
829 705 972 800 quidem
988 705 1272 798 Hierosolymam
1287 703 1461 778 hostiliter
1477 703 1572 777 inva-

420 804 533 894 serat,
572 805 827 898 &Templum
854 801 1092 897 spoliaverat;
1126 819 1282 877 attamen
1304 802 1410 898 longe
1436 800 1501 875 alia
1526 817 1574 872 ex

423 903 544 991 causa,
571 902 651 996 quia
671 900 810 996 Judaeos
833 898 905 974 ase
919 898 1086 973 defecisse
1102 901 1257 994 putabat.
1288 899 1440 972 tMacc.
1458 920 1497 970 tc
1517 917 1571 969 11.

423 1021 492 1078 nec
514 1001 550 1073 in
572 998 677 1092 ipsam
699 996 908 1096 religionem
929 1019 1050 1071 manus
1072 997 1215 1088 injecit,
1239 1017 1308 1070 nec
1322 995 1415 1070 sacra
1428 995 1574 1088 Templi

423 1095 606 1183 abolevit,
636 1109 698 1169 aut
721 1083 901 1192 religionis
926 1097 1027 1169 causa
1049 1092 1391 1186 Hierosolymitanoo
1417 1089 1569 1165 addixit:

424 1195 520 1286 quod
542 1193 689 1266 biennio
713 1190 793 1285 post
813 1191 955 1265 demum
972 1190 1120 1279 accidit3
1146 1209 1187 1265 ut
1201 1209 1247 1262 ex
1274 1191 1427 1263 1Macc.
1446 1210 1479 1263 1.
1511 1189 1572 1260 du·

425 1291 488 1364 bio
502 1305 610 1363 caret.
637 1288 767 1363 Errant
780 1289 920 1380 itaque,
946 1287 1004 1380 qui
1020 1288 1246 1362 terminumn
1261 1287 1370 1381 quoin
1387 1307 1473 1361 ann.
1487 1286 1573 1359 Aer.

424 1387 494 1462 Sel.
516 1409 593 1482 ¹43·
618 1383 742 1484 figunt.
793 1384 874 1458 Nec
889 1385 971 1479 quid
985 1384 1082 1457 dubii
1100 1383 1206 1458 habet
1219 1385 1391 1458 terminus
1405 1384 1448 1454 od
1462 1407 1573 1480 quen,

423 1486 462 1557 in
484 1506 567 1558 ann.
593 1485 678 1556 Aer.
701 1483 770 1556 Sel.
797 1486 875 1570 148.
901 1480 1161 1570 conserendus,
1194 1503 1276 1556 cum
1297 1480 1392 1574 quod
1414 1500 1462 1552 eo
1478 1501 1572 1556 anuo

426 1601 531 1654 verus
553 1581 623 1654 Dei
639 1579 755 1653 cultus
778 1575 956 1652 restitutus
972 1577 1082 1652 finem
1099 1577 1304 1672 imposuerit
1319 1581 1490 1652 abolitioni
1503 1599 1575 1674 quo·

424 1681 547 1750 tidiani
557 1726 568 1764 ,
603 1675 647 1748 de
676 1679 775 1768 cujus
797 1675 985 1749 duratione·
1003 1673 1208 1769 quaesiverat
1229 1675 1386 1764 Daniel,
1424 1695 1575 1772 rogans,

328 1839 337 1847 .
424 1795 582 1870 quousque
612 1771 719 1864 visunt
743 1773 837 1868 jugis
864 1771 931 1845 dte.
958 1789 1034 1848 tum
1058 1773 1153 1865 quod
1168 1769 1319 1866 sensium
1341 1793 1387 1846 eo
1409 1785 1573 1866 tempore

427 1871 537 1942 fuerit
554 1865 796 1964 justificatum·
822 1889 927 1962 quem
948 1869 1141 1945 terminum
1158 1869 1314 1968 Angelus
1329 1868 1458 1944 diserte
1473 1869 1573 1963 ponit

423 1965 477 2039 vs.
505 1987 559 2056 14.
608 1964 757 2052 errans,
778 1962 1041 2061 sandiricobitur
1053 1964 1227 2060 fandum,
1259 1967 1330 2040 hoc
1345 1967 1428 2040 loco
1441 1968 1528 2042 nihil
1541 1985 1573 2040 a·

428 2063 501 2137 liud
523 2084 564 2135 ac
586 2062 862 2137 vindicationem
893 2061 1036 2156 Templi
1064 2066 1108 2138 ab
1135 2061 1358 2158 oppreffione
1389 2064 1572 2140 &eonta-

427 2161 641 2250 minatione,
667 2161 812 2255 ejusque
831 2157 1092 2236 restitutionem
1115 2163 1151 2235 in
1172 2161 1372 2260 integrum,
1405 2164 1505 2236 cultu
1522 2162 1570 2236 ibi

426 2257 637 2349 instaurato,
665 2260 821 2333 denotat.
871 2255 991 2357 Quem
1012 2256 1241 2356 fignificatum
1255 2260 1360 2333 etiam
1375 2259 1484 2334 habet
1497 2281 1572 2353 cap.

430 2377 513 2430 xri:
541 2381 576 2452 3,
604 2355 648 2430 de
671 2379 743 2452 quo
764 2352 895 2452 postea.
954 2355 1034 2429 Nec
1062 2358 1167 2453 longe
1188 2356 1375 2449 querenda
1395 2353 1447 2430 est
1469 2357 1590 2450 hujux

424 2451 638 2552 significatus
653 2457 760 2540 ratio.
822 2451 914 2528 Cum
934 2456 1028 2528 enim
1048 2449 1256 2550 justificare,
1290 2453 1391 2528 sensu
1417 2452 1570 2542 sorensi,

427 2551 469 2626 srt
490 2553 613 2640 alicui,
638 2549 820 2627 calumniis
834 2551 1060 2626 &violentiis
1075 2549 1260 2646 oppresso,
1283 2551 1318 2624 dt
1328 2551 1408 2644 jure
1424 2552 1490 2626 suo
1504 2552 1569 2646 pri·

428 2651 534 2738 vato',
555 2649 609 2740 jus
620 2649 749 2744 *dicere
764 2649 823 2720 vel
839 2645 976 2737 facere,
1002 2671 1084 2723 eum
1105 2650 1148 2722 ab
1165 2647 1442 2724 accusationibus
1457 2648 1572 2722 vindi·

427 2745 562 2832 cando,
586 2743 620 2812 &
635 2745 704 2833 juri
720 2741 781 2816 suo
794 2742 996 2818 reddendo:
1011 2743 1163 2837 ferndum
1179 2767 1283 2840 quarn
1298 2744 1464 2840 aptiffime
1471 2743 1571 2839 justi·

419 2836 523 2932 ficari
543 2840 693 2926 dicitur,
718 2859 827 2931 quum
850 2837 894 2911 ab
920 2841 1116 2936 opprobrio
1138 2843 1430 2935 &profanatione
1445 2841 1572 2914 libera·

427 2949 506 3021 tur,
530 2935 563 3006 &
578 2955 668 3009 vero
683 2934 746 3009 suo
760 2935 836 3009 usui
852 2935 1030 3026 redditur,
1058 2939 1190 3035 suoque
1200 2944 1276 3037 jure
1291 2943 1342 3015 uti
1357 2939 1426 3013 srul
1440 2959 1569 3012 conce·

425 3033 532 3106 ditur.
583 3028 690 3129 Quod
717 3053 824 3108 nemo
845 3033 984 3130 ignorat
1006 3036 1137 3112 setium
1158 3030 1284 3126 fuisse,
1309 3037 1450 3132 quando
1466 3034 1572 3130 Judas

428 3129 647 3203 Maccabaeus
660 3129 873 3224 Templum,
899 3135 1059 3209 manibus
1074 3134 1226 3214 hostium
1241 3154 1426 3231 ereptum,
1453 3155 1573 3230 repur-

425 3228 542 3326 gavit,
566 3227 739 3315 initiavit,
765 3227 914 3305 &sacris
927 3233 961 3305 ei
977 3231 1121 3308 redditis
1140 3228 1351 3326 honoravit,
1374 3255 1470 3308 anno
1488 3235 1574 3310 Aer.

425 3325 494 3398 Sel.
521 3328 598 3413 148.
637 3325 788 3399 rMacc.
817 3347 873 3400 tv.
900 3329 961 3402 ubi
983 3331 1089 3404 etiam
1115 3346 1294 3428 purgatum
1315 3332 1441 3405 dicitur
1465 3329 1576 3406 Tem·

427 3425 527 3516 plum
549 3421 597 3494 us.
620 3445 689 3512 41,
713 3423 748 3496 tc
771 3426 1002 3517 opprobrium
1024 3431 1172 3524 gentium
1192 3434 1337 3502 oblatum
1352 3427 1399 3502 vs.
1418 3430 1476 3518 58.
1500 3427 1574 3524 qui·

428 3521 493 3594 bus
514 3519 693 3614 phrasibus
710 3517 960 3616 justificationis
980 3521 1134 3616 potestas
1150 3547 1224 3602 non
1242 3527 1332 3602 male
1349 3525 1574 3618 exprimitur.

427 3615 690 3727 Quoantiquae
725 3617 922 3708 vetsrones,
960 3621 1024 3697 Gr.
1047 3620 1124 3696 Lat.
1149 3625 1183 3697 dt
1204 3625 1307 3716 Syn,
1345 3620 1574 3714 respicientes

430 3713 659 3814 reddtderunt
697 3715 1002 3809 radegundam,
1052 3721 1273 3794 mundabitur.
1326 3720 1423 3793 Male
1453 3720 1575 3812 itaque

428 3805 611 3919 Jlungman.
639 3811 661 3921 ¹:
688 3831 717 3921 1.
741 3811 830 3884 Sett.
859 3833 911 3888 11.
926 3837 958 3888 c.
979 3839 1033 3909 17.
1059 3816 1144 3910 licet
1155 3817 1226 3908 jam
1241 3831 1322 3892 ante
1337 3815 1449 3910 ipsum
1468 3817 1576 3891 Pere-

340 3921 341 3924 ‘
426 3926 496 3981 nus
511 3927 587 3982 eam
603 3929 810 4004 oprnronem
826 3913 1035 4007 protulerit,
1057 3914 1249 3998 terminum
1265 3917 1307 3990 ad
1320 3937 1411 4014 quem
1426 3917 1466 3992 in
1480 3935 1576 3992 mor·

1537 4026 1577 4086 te
