3444 4778
460 399 528 455 nn
596 379 631 456 D
681 381 715 460 A
763 383 813 461 N.
887 407 949 464 xl:
999 411 1056 486 30.
1259 400 1330 486 581

171 557 280 654 hujus
302 559 488 638 invafionts
504 564 539 638 in
556 563 911 659 hierosolymitanos,
925 587 1049 661 quaeve
1064 565 1111 639 ibi
1132 565 1326 660 patraverit

170 657 585 750 facinoraxAntiochus?
610 667 652 736 ex
668 667 776 737 unico
788 662 931 756 Josephi
946 664 1050 750 loco,
1068 663 1179 738 modo
1193 664 1324 748 citato,

168 757 373 860 eruendum
396 757 464 830 ell'e
480 759 619 852 opinor.
671 761 768 834 Solet
785 761 925 853 quidem
943 756 1104 851 historia,
1131 779 1233 854 quam
1251 765 1320 854 pri·

167 875 245 924 mus
277 855 311 927 &
328 853 493 948 secundus
521 856 609 929 liber
632 857 821 945 Maccah,
867 856 1020 933 illaec.
1047 877 1077 930 1:
1103 853 1319 930 21-28.&

166 949 323 1022 '2Maco
346 975 381 1026 v:
409 971 441 1021 1-
466 949 596 1038 refert,
622 953 664 1024 ad
679 956 828 1044 primurn
846 953 939 1025 hunc
958 954 1131 1028 Antiochi
1142 954 1319 1046 impetum

165 1043 323 1133 referri,
353 1049 386 1121 dt
408 1047 450 1118 ad
474 1045 630 1120 nostrum
655 1049 750 1120 hunc
775 1049 902 1141 version
916 1047 1154 1122 illustrandum
1169 1049 1317 1140 adplica-

166 1142 232 1230 ri,
257 1142 409 1234 indeque
432 1143 466 1216 dt
486 1141 580 1237 caasa
596 1141 849 1230 infestationis,
875 1145 911 1217 in
926 1143 1095 1236 praetensa
1114 1143 1316 1216 desectione

162 1235 373 1334 Judaeorum
389 1241 430 1311 ab
451 1239 631 1314 Antiocho
654 1239 737 1331 lita,
763 1241 863 1332 cujus
882 1239 997 1314 ansam
1012 1263 1094 1314 cum
1112 1239 1236 1314 seditio
1250 1261 1315 1333 pet

162 1335 298 1428 impios
326 1331 530 1424 Pontifices,
561 1335 724 1430 Jasonem
748 1337 780 1410 δι
802 1337 1028 1426 Menelaum,
1054 1339 1170 1411 secum
1189 1337 1314 1411 Hiero·

163 1429 311 1524 'solymis
329 1449 552 1530 pugnantes,
570 1451 687 1525 mota,
712 1451 791 1508 tom
807 1435 927 1508 laetitia
941 1433 1043 1527 super
1060 1455 1203 1509 rumore
1219 1457 1313 1508 mor·-

164 1529 214 1606 tis
234 1530 428 1618 Antiochi,
466 1531 684 1624 praebuisset,
718 1531 752 1606 ta
779 1531 891 1605 caedes
918 1531 1072 1620 civium,
1106 1552 1147 1603 ac
1166 1530 1312 1625 Templi

162 1625 329 1720 spoliatio
344 1649 388 1700 ac
403 1627 623 1720 profanatio,
652 1645 726 1703 tum
745 1627 901 1722 pelasia,
926 1628 1014 1702 crui.
1064 1626 1132 1702 Sed
1147 1649 1222 1720 quae
1237 1649 1314 1703 non

155 1722 237 1798 hoc
259 1738 449 1817 tempore,
490 1747 614 1800 verum
635 1725 761 1798 biennio
780 1723 881 1820 post,
910 1723 1056 1820 secanda
1081 1725 1250 1802 Antiochi
1272 1726 1311 1800 in

155 1820 370 1918 Aegyptum
392 1821 624 1914 expeditione
647 1821 838 1896 infeliciter
859 1818 980 1912 linita,
1012 1819 1215 1918 contigisse,
1254 1822 1311 1896 hae

158 1919 248 1992 mihi
275 1917 483 2012 persuadent
505 1921 670 1994 rationes.
732 1940 762 1992 1.
792 1919 886 2018 Quia
904 1940 985 1993 ctam
1007 1917 1146 2010 secunda
1168 1919 1311 2012 expedi·

160 2016 264 2090 tione
285 2017 457 2090 Antiochi
480 2014 609 2091 diserte
628 2014 904 2103 tonnesiuntnr,
938 2015 1092 2088 aMacc.
1112 2039 1148 2090 v:
1174 2035 1204 2088 ι.
1229 2037 1308 2108 quae

157 2113 228 2184 alia
251 2135 323 2186 non
339 2111 390 2184 est
406 2161 418 2200 ,
442 2133 482 2184 ac
498 2134 565 2204 qua
578 2113 823 2186 Romanorum
835 2127 933 2184 metu
949 2113 1147 2203 compulsus
1164 2110 1307 2207 Aegyp·

157 2221 238 2282 tum
276 2209 312 2280 in
344 2225 558 2301 perpetuom
584 2205 714 2280 millam
746 2205 862 2294 fecit,
910 2221 950 2276 ut
981 2229 1065 2278 mox
1094 2206 1304 2283 videbimus.

158 2321 197 2377 2.
220 2301 313 2402 Quia
329 2301 508 2376 commilla
522 2303 601 2390 illa,
626 2302 674 2374 ibi
691 2317 845 2392 narrata,
871 2320 965 2373 anno
980 2301 1118 2374 Seleuc.
1139 2321 1240 2389 145„
1266 2303 1302 2377 tc

93 2425 98 2436 ·
154 2418 233 2474 non
262 2421 349 2492 143,
375 2419 446 2490 quo
466 2398 575 2491 prima
597 2396 702 2489 coepit
725 2395 925 2483 infestatio,
948 2393 1026 2489 ipfis
1042 2395 1160 2468 verbis
1173 2397 1301 2495 adligat

150 2495 326 2596 Jolephus
352 2515 380 2567 t.
432 2515 465 2588 3.
489 2492 582 2608 Quia
606 2494 884 2586 Hierosolymam
908 2491 973 2564 hac
996 2492 1105 2586 prima
1119 2491 1198 2565 vice
1211 2499 1301 2590 ripa.
1370 2491 1380 2506 ¹

150 2593 225 2688 χηῖὲ
238 2590 311 2686 stne
330 2607 443 2688 pugna
467 2591 568 2665 sursse
590 2593 633 2666 ab
655 2589 856 2678 Antiocho,
882 2611 901 2662 a
923 2586 1165 2681 faitioneejus
1184 2591 1219 2662 in
1237 2611 1295 2663 ur·

148 2689 234 2764 bem
249 2687 414 2777 admisso,
440 2685 838 2784 occupatam,exprelse
855 2686 960 2760 tradit
973 2685 1145 2780 Josephns
1160 2707 1196 2776 a,
1212 2707 1296 2764 cum

144 2785 324 2862 secundus
348 2787 437 2860 liber
457 2787 574 2862 Maec.
600 2806 615 2846 ⁶
637 2788 761 2861 arbem
785 2781 885 2857 fuisse
901 2784 1092 2879 logvdaaro
1105 2791 1205 2856 armis
1221 2800 1295 2880 cap·

143 2898 216 2957 tam
238 2883 375 2958 habeat.
426 2881 493 2960 Cui
515 2883 588 2977 ipse
611 2881 782 2977 Josephus
810 2881 892 2956 alibi
913 2882 932 2942 d
953 2881 1130 2972 concinit,
1156 2881 1291 2956 &Dio-

143 2981 255 3055 dorus
274 2981 408 3054 Siculus
434 3003 459 3052 e.
530 2979 620 3079 Quae
641 2982 705 3053 alia
726 2979 863 3053 ratione
886 2979 1069 3054 conciliari
1087 2993 1291 3071 nequeunt,

142 3075 212 3153 nist
234 3076 318 3150 duas
342 3073 492 3150 diversas
515 3075 700 3150 statuendo
721 3076 984 3170 occupationes.
1037 3075 1097 3147 De
1118 3097 1189 3168 quo
1203 3097 1289 3151 mox

138 3173 244 3270 plura
265 3171 418 3244 dicam!
438 3194 473 3258 4.
501 3169 685 3262 Denique,
718 3192 793 3261 qnae
813 3171 984 3264 Josephus
1006 3193 1089 3244 ann.
1114 3193 1192 3264 143.
1211 3194 1288 3246 nar·

139 3275 199 3344 iat
219 3269 263 3343 ab
278 3265 459 3344 Antiocho
475 3281 609 3360 patrata
625 3264 894 3354 Hierosolymis,
920 3267 955 3338 in
971 3265 1127 3339 nostrum
1146 3267 1286 3342 versum

140 3363 272 3440 sestius
299 3365 488 3457 quadrant,
515 3385 591 3456 qnae
611 3383 699 3435 vero
722 3362 757 3433 in
774 3362 869 3434 libris
883 3361 1063 3447 Maccah,
1090 3361 1287 3453 &ajolo-

140 3465 240 3562 pho‚
266 3485 295 3537 a.
315 3484 396 3554 145.
413 3461 584 3534 habentur
598 3457 712 3548 salla,
737 3459 861 3532 melius
875 3459 911 3530 in
927 3455 1015 3529 vers.
1034 3477 1089 3549 301
1117 3457 1286 3536 drocen.

142 3561 314 3635 veniunt:
341 3575 380 3635 nt
394 3558 554 3650 suoloco
568 3555 712 3651 patebit.
763 3551 897 3627 Nostro
914 3553 1008 3627 enim
1024 3551 1125 3626 versu
1144 3577 1195 3625 cor
1209 3555 1285 3644 ejus

144 3674 271 3740 contra
285 3655 403 3751 foedus
415 3653 565 3752 sanilam
585 3653 935 3822 fimpffitgrddicitur
959 3650 1146 3740 sutanum,
1171 3649 1204 3820 llic
1215 3648 1286 3745 spor

148 3774 153 3788 ·
828 3775 851 3845 p
1190 3751 1285 3846 ialin·

149 3852 378 3974 <alera
455 3895 641 3970 arata.
719 3911 898 3956 aton.
988 3892 1285 3979 raptam

152 3975 363 4055 &v:9.§4.
441 3973 740 4052 odelcalmrv,
1193 3981 1246 4038 ’.
