3440 4774
440 481 504 537 nn
547 447 612 536 ‘D
662 459 697 538 A
744 457 793 539 N.
868 463 1019 560 angl.
1092 573 1096 582 Ι
1226 464 1297 556 671·

144 676 298 753 numque
319 655 561 757 singulorum,
595 649 759 756 tanquam
779 660 950 735 tutelares
973 659 1011 735 dt
1029 649 1177 754 patroni
1194 651 1300 752 infig-

141 757 342 835 niebantur.
391 753 525 858 Quales
547 755 660 855 stirpis
682 758 947 834 Seleucidarum
964 757 1109 832 suerunt
1126 753 1296 849 inprimis

140 851 353 938 Hercules&
373 856 516 952 Apollo,
543 857 586 929 de
603 879 673 949 quo
690 880 802 947 m0x3
829 861 979 951 quorum
995 857 1078 930 loco
1095 851 1295 928 Antiochus

141 949 370 1026 substitueret
392 951 552 1028 Plutum:
585 954 683 1045 quod
702 955 878 1048 Propheta
891 953 1011 1028 noster
1028 955 1171 1042 verbis,
1198 979 1243 1027 ur
1256 955 1294 1036 lp

131 1046 422 1147 superflirpesuo
436 1048 648 1137 honorabit,
675 1069 721 1142 ex
735 1072 814 1124 mea
827 1052 999 1143 opinione
1016 1048 1039 1121 fi
1064 1047 1196 1123 nificat.
1238 1049 1294 1122 ln·

140 1159 335 1240 terpretes,
360 1146 420 1240 qui
443 1166 552 1220 voces
574 1145 722 1220 reddere
745 1145 860 1222 solent
869 1144 971 1243 super
992 1073 1155 1240 lusisse,
1179 1149 1216 1218 io
1231 1146 1298 1218 loco

129 1239 218 1340 suo,
245 1245 305 1317 vel
320 1243 496 1334 srmiliter,
522 1265 590 1318 nec
603 1244 792 1320 commode
808 1245 1006 1340 explicare,
1031 1265 1099 1318 nec
1117 1240 1295 1337 emphasrn

139 1341 311 1418 orationis
325 1339 586 1434 demonstrare,
608 1363 676 1418 nec
692 1343 789 1417 vocis
806 1369 848 1417 uo
867 1339 1096 1440 significatum
1114 1339 1293 1416 adstruere

139 1438 272 1514 valent.
321 1438 430 1540 Quod
450 1439 555 1514 facile
576 1437 815 1516 demonstratu
841 1438 960 1532 foret,
985 1437 1009 1514 st
1030 1437 1168 1515 necelle
1193 1437 1291 1516 esset.

135 1533 231 1616 Mihi
251 1538 309 1613 hic
324 1560 412 1632 aqua
427 1540 630 1632 neutiquam
646 1539 775 1632 haeret,
801 1561 870 1615 nec
888 1537 1008 1612 lettori
1026 1557 1109 1614 meo
1123 1536 1293 1614 haesuram

135 1648 288 1730 putem,
316 1638 377 1730 qui
394 1639 492 1726 vocis
510 1633 762 1734 significatum,
785 1634 888 1732 supra
906 1636 975 1710 ain
990 1636 1106 1714 lucem
1121 1635 1295 1726 arastum,

135 1733 364 1809 &orationis
386 1755 518 1810 nexum
544 1734 750 1811 adverterit.
809 1733 895 1808 Vox
917 1730 1059 1828 stirpem
1077 1734 1295 1811 obumbran*

135 1842 230 1918 tem,
255 1847 298 1908 ut
317 1834 355 1906 su
382 1855 420 1907 ra
443 1830 650 1924 observavi,
685 1833 852 1923 denotat,
878 1831 911 1904 du
933 1830 1060 1926 phrafis
1079 1857 1124 1906 no
1139 1833 1176 1917 lp
1194 1830 1295 1906 reste

129 1925 321 2024 prosellum
335 1856 438 2026 sfirpl
463 1931 640 2024 exprimit.
691 1929 764 2030 Qui
786 1929 1040 2024 praepofitionis
1061 1925 1203 2026 bosuper
1219 1927 1291 2004 fre·

134 2047 245 2120 quens
258 2026 449 2104 admodum
467 2027 546 2104 usus
562 2026 641 2121 est,¹
659 2027 814 2118 nemini,
840 2027 902 2102 nili
919 2029 1023 2122 plane
1039 2027 1076 2103 in
1091 2029 1157 2100 hac
1171 2027 1292 2124 lingua

132 2121 287 2218 hospiti,
314 2150 389 2202 non
403 2125 614 2202 notillimus:
640 2148 748 2217 quare
762 2126 944 2218 exempla,
960 2147 1005 2197 ex
1020 2124 1186 2198 Noldior
1202 2147 1289 2217 quo·

131 2241 202 2314 que
217 2220 322 2306 facile
337 2225 510 2318 petenda,
535 2223 698 2313 proferre
719 2221 951 2315 supersedeo..
991 2217 1053 2292 Est
1068 2235 1209 2314 queque
1223 2242 1290 2296 vo·
1385 2253 1391 2264 ·

131 2317 219 2392 culae
244 2321 301 2408 bo,
326 2341 403 2413 quae
425 2316 638 2392 substantiva
653 2317 796 2411 proprie
813 2315 887 2408 est,
911 2317 1065 2412 genuina
1080 2314 1232 2411 potestas
1250 2318 1291 2395 in

120 2419 358 2516 superioritote
388 2413 480 2505 srta,
511 2413 649 2512 origine
670 2415 715 2487 ab
737 2411 984 2510 exsuperantia,
1016 2411 1053 2489 in
1075 2435 1143 2508 qua
1168 2413 1288 2493 sedem

83 2537 85 2540 ·
129 2513 239 2592 habet
253 2514 350 2587 radix
365 2517 450 2605 nlo,
477 2508 591 2588 dueta.

130 2609 132 2614 ’
178 2617 212 2703 §.
227 2610 382 2688 CXCIX.
413 2609 526 2686 Addit
545 2630 630 2685 mox
652 2607 839 2704 prophetia
864 2609 972 2682 cultus
992 2630 1116 2706 genus,
1142 2607 1202 2684 seu
1220 2633 1285 2686 mo·

126 2709 229 2802 ,uum
255 2733 327 2804 quo
348 2711 468 2785 Deum
492 2707 594 2783 suum
616 2710 802 2783 tutelarem
817 2706 1109 2802 prosequeretur,
1144 2707 1288 2800 dicens,

127 2805 318 2884 honorabit
339 2833 450 2898 auro,
483 2819 636 2904 argento,
678 2808 784 2903 lapide
802 2804 938 2901 pretioso
965 2801 1009 2890 ὃ*
1028 2802 1289 2897 defideralrr'lllus

126 2909 232 2980 relus.
284 2905 376 3006 Quae
397 2907 506 2980 verba
528 2903 622 2982 haud
645 2925 754 2981 unum
776 2901 846 2977 Dei
867 2903 960 2978 Pluti
976 2904 1164 2980 continent
1182 2907 1287 2980 crite

125 3005 248 3090 rium,
275 3003 501 3098 nostramque
527 3003 738 3096 hypothesin
763 3001 906 3099 egregie
928 3002 1220 3078 corroborant&
1246 3003 1288 3075 il·

129 3096 289 3172 lustrant.
310 3121 358 3171 u.
374 3099 483 3196 Quod
504 3118 573 3169 nec
592 3097 778 3185 sacrificia,
804 3119 872 3170 nec
886 3099 1095 3194 libationes,
1119 3123 1188 3176 nec
1206 3124 1287 3199 pre·

130 3217 212 3284 ces,
238 3212 300 3268 aut
322 3194 429 3270 limile
451 3193 567 3265 cultus
589 3214 722 3288 genus,
748 3215 818 3284 quo
832 3193 990 3266 Numina
1004 3199 1075 3269 coli
1092 3198 1282 3291 solebant,

128 3293 189 3370 sed
216 3317 333 3366 aurum
355 3289 555 3382 simpliciter
580 3289 613 3362 ἃ
639 3304 831 3384 argentum,
864 3290 1044 3386 lapidesque
1061 3293 1213 3388 pretioft,
1245 3318 1287 3369 uc

131 3391 264 3490 queuis
286 3391 350 3464 alia
373 3387 603 3464 instrumenta
627 3387 684 3458 vel
699 3403 908 3462 ornamenta
923 3385 1184 3479 desiderabilia,
1208 3413 1287 3468 me·

19 3510 26 3528 ·
129 3505 335 3578 morentur;
361 3483 547 3562 manifesto
567 3495 797 3582 argumento,
837 3485 941 3558 talem
966 3484 1113 3584 hatelligi
1135 3486 1284 3581 Deum,

130 3587 188 3664 eui
210 3586 292 3661 solae
315 3585 448 3660 divitiae
469 3583 502 3658 u
524 3604 610 3677 opes
634 3583 866 3658 conveniunt.
917 3581 1083 3658 Solebam
1097 3583 1191 3661 enim
1206 3585 1283 3662 Nu·

127 3685 223 3762 mina
244 3685 428 3783 gentilium
449 3681 578 3782 singula
597 3681 660 3755 suo
681 3680 830 3778 proprio
851 3679 961 3755 modo
981 3681 1070 3757 coli:
1096 3681 1160 3758 Dis
1176 3683 1284 3759 Pater

128 3783 192 3860 seu
219 3783 339 3858 Plutus
368 3783 484 3876 itaque
515 3803 589 3856 non
614 3777 675 3854 nili
701 3779 753 3852 his
777 3778 925 3853 metallis
950 3781 1106 3855 &rebus
1124 3781 1283 3876 pretiosis

129 3879 297 3957 honorari
318 3895 472 3978 poterat.
539 3903 574 3955 2.
590 3876 705 3977 Quod
729 3899 802 3952 non
826 3875 898 3950 srne
914 3879 1102 3958 ratione&
1125 3879 1281 3978 emphasi

130 4009 151 4031 ··
696 4037 721 4070 ,.
765 3985 769 3992 ’
1129 3983 1280 4065 verbum

168 4093 291 4160 uado.
315 4113 342 4172 2,
366 4112 414 4170 20,
439 4109 488 4158 21.
609 4092 856 4172 ldel’am‘ep.
883 4109 954 4172 stt,
1260 4113 1267 4122 ·
