3504 4782
363 395 427 452 an
465 371 835 515 V,A·T¹C¹N¹A
871 385 1210 477 DANIELIS.
1288 427 1356 486 rer

195 569 309 640 tionem
330 568 489 662 accepit3
526 569 686 665 adeoque
710 569 869 669 respectu
890 580 1015 674 populi
1038 579 1129 672 Dei,
1162 585 1258 666 &in
1276 592 1352 684 ejus

194 663 395 750 commoda:
423 681 464 748 ut
486 665 560 760 ipse
581 667 728 746 testatus
749 671 860 750 estin
883 677 980 750 editio
1002 679 1166 778 suoEzr.
1184 706 1214 760 1.
1231 681 1355 784 ches.¹

192 763 282 836 clare
303 763 573 857 prenunciavit.
689 829 695 844 ,
1072 849 1074 856 J
1347 873 1351 878 Ι

30 921 31 932 .
234 865 266 951 ᾗ.
281 860 343 936 ΧΙ.
377 861 629 956 Accedamus,
663 865 716 940 his
742 869 936 964 praemillis,
968 875 1012 950 ad
1039 878 1270 971 emblemata,
1303 899 1344 961 ut

30 997 31 1042 3
184 978 290 1052 quam
311 972 394 1054 apte
415 959 454 1034 in
472 982 623 1060 regnum
641 963 815 1044 Perficum
829 971 1001 1064 quadrent
1017 976 1193 1071 adpareat.
1244 981 1344 1058 Prius

179 1055 234 1128 est
257 1063 386 1132 ventris
409 1057 443 1130 dc
464 1061 605 1134 laterum
628 1083 675 1136 ex
694 1086 754 1140 are
775 1069 813 1142 in
834 1069 971 1144 colollo
993 1069 1086 1148 Dan.
1111 1097 1168 1150 11.
1184 1099 1242 1170 32.
1272 1101 1343 1174 quo

30 1207 33 1272 ³.
177 1176 355 1252 regnum,
378 1153 602 1248 asuperlore
619 1159 818 1252 diversum,
844 1165 1018 1242 &ordine
1032 1176 1204 1266 temporis
1226 1175 1346 1269 poste·
1428 1256 1431 1262 ,

174 1253 276 1340 rius,
300 1252 407 1344 idque
435 1251 708 1357 celeberrimum
729 1258 764 1340 ἃ
784 1255 1012 1338 firmillimum
1028 1265 1066 1338 in
1081 1289 1214 1363 genere
1224 1273 1346 1366 expin·

200 1349 213 1418 i
239 1361 513 1430 autumaverim.
575 1347 695 1425 Venter
721 1353 861 1432 nullum
890 1357 986 1434 forte
1016 1361 1123 1440 alium
1140 1364 1249 1443 habet
1268 1367 1343 1444 sen·

171 1370 258 1520 {um
281 1441 306 1516 fi
333 1459 493 1534 uratum,
517 1468 560 1520 ac
588 1469 661 1540 quo
682 1447 935 1544 succellivum,
951 1471 1125 1552 ternpore
1145 1463 1342 1557 posterius,

175 1540 281 1636 quod
303 1467 461 1635 lupetius
475 1543 659 1620 Medicum
675 1549 836 1639 proxime
851 1555 1022 1644 excepit,
1040 1555 1199 1634 denotat.
1240 1565 1341 1640 Alios

172 1641 295 1726 lusus,
331 1659 421 1732 quos
443 1639 607 1714 invenire
628 1639 735 1716 facile
758 1643 829 1733 est,
864 1647 1064 1726 audloribus
1085 1654 1211 1731 lubens
1234 1663 1339 1738 relin-

174 1760 261 1832 quo.
321 1731 402 1808 Nec
429 1736 467 1809 in
488 1732 671 1828 femoribus
695 1740 753 1814 vel
778 1744 936 1818 lateribus
957 1748 1052 1822 aliud
1073 1753 1213 1828 necelle
1240 1758 1345 1838 foret

175 1854 336 1930 quaerere
355 1830 582 1926 mysterium
610 1857 694 1912 cunr
718 1854 846 1916 venter
867 1842 901 1916 dr
922 1845 1031 1920 latera
1054 1850 1204 1927 adhunc
1218 1855 1341 1954 imagi,

174 1934 233 2008 nis
250 1931 405 2028 partem,
430 1953 511 2026 quae
530 1934 667 2008 hominis
688 1931 841 2014 formam
856 1941 1022 2036 praefert,
1047 1949 1241 2026 necellarlo
1256 1976 1335 2047 per-

173 2031 324 2108 tineant.
371 2029 461 2120 Sed,
488 2051 534 2105 ne
557 2031 640 2126 quid
660 2033 829 2114 intadlurn
851 2040 1053 2134 relinquere
1076 2047 1218 2140 videar,
1251 2052 1333 2130 illis·

172 2151 267 2226 que,
293 2129 356 2225 qui
376 2129 414 2204 in
433 2127 585 2206 minimis
607 2153 707 2227 aeque
726 2157 767 2208 ac
780 2138 939 2216 maximis
956 2139 1130 2218 sectantur
1145 2146 1331 2242 mysteria,

172 2228 292 2308 minus
316 2225 521 2304 satisfaciam
539 2252 551 2320 ;
589 2232 683 2308 viam
704 2232 747 2306 ad
769 2231 999 2332 fignificatum
1020 2243 1330 2338 emblematicum,
1467 2235 1469 2241 ¹

170 2325 252 2401 satis
276 2338 396 2420 aptum
416 2327 689 2427 &elegantem,
714 2333 868 2426 aperiam
881 2334 1035 2411 facilem.
1091 2334 1212 2414 Venter
1227 2333 1266 2415 dc
1280 2348 1330 2416 la·

173 2437 247 2498 tero
268 2424 337 2508 duo,
348 2424 405 2497 vel
425 2442 498 2502 tres
523 2425 625 2523 'regni
636 2425 748 2522 sedes,
781 2428 818 2502 in
841 2431 953 2504 tribus
970 2433 1144 2525 primariis
1157 2435 1274 2532 regnis
1289 2439 1328 2516 in

169 2519 244 2600 hoc
264 2543 378 2620 regno
400 2523 524 2616 unitis,
558 2525 620 2598 vel
642 2539 714 2598 tres
737 2524 910 2616 diversas,
942 2525 1000 2601 sed
1024 2550 1045 2600 a
1065 2528 1175 2604 latere
1193 2554 1326 2610 conne.

167 2641 263 2711 xes,
301 2640 429 2717 regum.
445 2618 629 2712 familias,
659 2642 776 2715 quam
805 2621 1081 2706 commodillime
1112 2629 1322 2728 expingunt.

168 2715 341 2802 Treaillae
358 2716 475 2806 sedes,
500 2716 563 2792 sibi
579 2719 705 2796 ordine
721 2719 824 2812 fitus„
846 2736 889 2796 ut
898 2723 1014 2798 latera
1029 2727 1167 2816 ventri,
1182 2729 1323 2826 respon·
1406 2757 1412 2762 ·

166 2815 290 2892 dentes
314 2813 440 2911 sponte
462 2815 520 2890 sua
534 2818 567 2890 ei
592 2818 629 2892 in
650 2831 809 2894 mentem
832 2819 1003 2914 veniunt,
1029 2824 1088 2915 qui
1105 2821 1239 2919 Cyrum
1253 2827 1323 2902 Ba·

167 2918 331 3010 inlunem,
369 2912 469 3007 Susas
493 2912 527 2986 tc
554 2911 782 3006 Ecbatanam,
820 2917 930 3002 trium
953 2917 1173 2998 diversorum
1194 2949 1325 3024 regno·

98 3066 102 3075 .
167 3033 249 3087 rum
267 3011 427 3086 civitates
447 3012 579 3110 regias,
610 3013 749 3112 fingulis
772 3016 871 3092 annis
887 3012 1053 3100 distinctis
1066 3020 1206 3098 vicibus
1219 3026 1318 3099 inha-

167 3105 289 3184 bitalle
317 3109 507 3194 resciverit.¹
539 3109 706 3207 Xenoph.
733 3144 825 3194 m.
846 3113 868 3188 l.
892 3135 998 3200 vrrr.
1025 3137 1061 3211 p.
1086 3143 1170 3214 233.
1197 3121 1320 3200 auctor

71 3264 76 3278 .
166 3204 242 3297 est,
266 3203 395 3300 Cyrum
415 3208 578 3302 hyberno
600 3223 763 3302 tempore
774 3231 801 3304 :7
817 3209 953 3288 menses
970 3213 1098 3310 degllle
1115 3217 1327 3310 Babylone3-

164 3307 276 3382 tribus
298 3305 414 3379 vernis
434 3303 554 3381 sediffe
571 3301 661 3397 Sufis
673 3305 711 3378 in
725 3307 857 3399 Perfia,
883 3331 947 3401 per
956 3309 1118 3390 -aestatem
1132 3316 1209 3386 duos
1219 3339 1317 3392 men·

167 3399 219 3476 ses
253 3399 438 3488 insumsrlle
473 3401 680 3490 Ecbatana,
721 3424 798 3496 quae
829 3404 960 3480 Mediae
987 3424 1063 3484 erat
1088 3409 1318 3501 Metropolis:

166 3497 271 3598 Quod
288 3499 500 3578 succellores
522 3499 597 3592 ejus
620 3496 852 3576 imitati-sunt.
902 3501 959 3573 De
974 3501 1253 3596 quo-Dodliffimi
1267 3510 1318 3583 vi·
1386 3529 1390 3532 ·

165 3600 216 3685 ri,
239 3597 276 3672 Β.
289 3597 484 3674 Brissonlus
498 3619 599 3696 regn.
614 3593 708 3674 Pers.
722 3597 796 3671 l.-1.
813 3600 845 3689 §.
861 3597 919 3689 67.
946 3597 1013 3672 duc.
1046 3599 1110 3678 ΕΖ.
1128 3601 1316 3695 Spanhem.

164 3694 208 3768 ad
230 3694 354 3788 Julian.
378 3719 415 3790 p.
440 3716 518 3786 ης.
553 3695 680 3791 aliique
701 3691 907 3775 consulendi
929 3693 1030 3784 sunt.
1069 3697 1193 3798 Quid?
1219 3706 1316 3798 quod
1343 3728 1348 3738 ’

163 3789 403 3871 Demosthen.
421 3792 569 3886 Philipp.
596 3816 657 3870 ru.
677 3816 711 3888 p.
725 3795 796 3886 56.
815 3815 945 3892 regem
963 3793 1316 3904 Persarumdelignet

161 3909 227 3985 per
248 3911 350 3982 eum,
376 3891 437 3984 qui
462 3889 700 3987 haliratdufls,
724 3891 767 3978 dd
781 3889 961 3986 Ecbatana
969 3919 985 3990 ,·
1012 3896 1127 3990 quod,
1153 3897 1332 4068 αῌοέἷίε,

284 4053 291 4073 ὲ
432 4059 435 4066 ,
742 4063 747 4072 ,
1198 4018 1268 4094 neg
1283 4018 1317 4069 e·
