3444 4778
461 408 525 461 ao
597 385 812 468 DAN.
888 354 1059 468 altae.
1248 417 1315 492 507
1382 348 1385 354 Ι

174 555 270 649 effe,
293 555 398 634 facile
419 560 583 658 adparet3
617 563 797 652 maxime,
822 585 901 640 cum
925 589 956 656 p
974 565 1018 638 de
1039 565 1132 662 regia
1156 563 1317 657 Maiesta·

177 671 233 745 te,
258 655 318 730 seu
340 657 488 732 statione
511 663 623 756 regis,
656 681 826 752 nusquam
848 661 1052 737 adhibeatur
1075 665 1109 736 in
1125 663 1314 756 Scriptura.

173 773 209 843 3.
224 751 374 826 Seleucus
389 753 579 852 Philopator
592 778 698 848 quare
719 774 883 852 tanquam
898 766 1039 832 transire
1049 757 1180 850 satiens
1196 759 1314 832 ereslo-

172 871 242 920 rem
262 849 462 945 simpliciter
475 852 751 942 describeretur,
774 855 870 928 nulla
884 854 1000 947 potest
1011 855 1083 928 dari
1101 857 1216 944 ratio,
1233 877 1315 930 cum

173 947 269 1037 quod
289 945 398 1040 scopo
421 949 639 1041 prophetie,
664 949 707 1020 de
730 970 853 1045 regum
874 951 1038 1024 Austri&
1057 952 1313 1043 Septentrionis

87 1047 94 1067 ⁸
172 1045 499 1118 concertationibus
520 1045 553 1116 u
578 1045 808 1118 nobilioribus
829 1045 1043 1120 facinoribus
1065 1048 1219 1142 agentis,
1257 1067 1314 1140 pa·
1376 1051 1380 1059 “

173 1155 254 1216 rum
276 1139 488 1229 conveniat,
523 1141 737 1216 tributorum
753 1141 973 1230 exactiones,
999 1141 1182 1236 regibus&
1197 1143 1315 1238 regnis

170 1255 401 1326 communes,
426 1236 632 1312 memorasse
650 1235 759 1327 solas,
785 1252 861 1312 tum
876 1241 972 1329 quod
987 1238 1021 1311 in
1037 1239 1223 1312 Seleucum
1238 1259 1316 1312 non

171 1333 303 1421 magis,
327 1352 430 1425 quam
447 1354 565 1428 regem
577 1333 750 1431 Aegypti,
774 1333 940 1426 quadret,
962 1335 1118 1427 illiusque
1140 1333 1312 1407 charade·

173 1447 252 1502 rem
279 1427 408 1502 ducere
439 1444 602 1524 nequeat.
672 1431 852 1506 Peculiare
880 1431 1021 1522 quidem
1050 1431 1118 1506 suit
1138 1431 1311 1518 Seleuco,

172 1523 269 1618 quod
283 1524 513 1600 Heliodorum
530 1525 681 1616 miserit,
707 1548 750 1600 err
765 1527 964 1602 narratione
979 1525 1199 1622 librisecrmrli
1216 1525 1312 1598 blac.

86 1697 90 1707 ,
172 1622 394 1711 caseorum,
419 1621 724 1716 Hierosolymam,
748 1623 791 1696 ad
814 1623 992 1697 thesauros
1005 1623 1147 1716 Templi
1165 1622 1312 1717 spolian-

173 1715 256 1791 dos:
283 1717 364 1807 sed,
388 1739 470 1792 cum
483 1741 591 1793 unum
606 1717 639 1790 &
654 1719 892 1794 transitorium
909 1719 1019 1794 fucrit
1034 1719 1191 1803 facinus,
1216 1719 1312 1812 quod

170 1809 500 1906 Hierosolymitanis
524 1814 602 1888 solis
626 1817 798 1912 contigit,
823 1837 867 1889 err
889 1813 1046 1912 fingulari
1062 1812 1311 1910 proditione&

171 1907 393 2006 instigatione
422 1912 566 2003 alicujus
588 1913 761 2002 Simonis,
796 1913 861 1986 viri
882 1909 1013 2004 Judaei,
1051 1931 1194 1998 ortum,
1225 1911 1312 1984 illud

169 2005 280 2100 phrasi
300 2009 488 2104 generali,
507 2013 647 2081 transire
664 2003 778 2100 facere
804 2007 1003 2097 eraderem,
1029 2011 1126 2083 nullo
1141 2008 1248 2082 modo
1264 2005 1336 2080 stt-³

169 2101 396 2190 tisfacit,nec
410 2105 443 2175 ei
458 2105 791 2196 adplicaripoterit3
805 2107 954 2178 maxime
972 2126 1051 2177 cum
1067 2107 1101 2178 &
1117 2102 1187 2196 ipSe
1203 2103 1312 2176 Tem·

169 2198 268 2290 plum
283 2198 489 2286 honorasse,
516 2198 685 2289 donisque
699 2199 924 2286 locupletasse
938 2199 1067 2276 ibidem
1082 2201 1226 2294 legatur.
1252 2199 1312 2270 Se·

79 2367 83 2374 ,
172 2293 314 2368 leucum
344 2294 485 2366 tributis
511 2292 694 2389 exigendis
723 2294 825 2366 unice
848 2293 948 2364 fuisse
970 2295 1167 2380 intentum,
1202 2293 1310 2384 conji-

172 2391 273 2464 ciunt
298 2388 439 2481 quidem
460 2411 504 2462 ex
528 2409 593 2479 eo,
619 2387 714 2481 quod
735 2388 903 2462 Romanis
927 2410 971 2463 ex
988 2385 1087 2482 pacto
1103 2388 1210 2462 Patris
1226 2410 1310 2481 pen.

170 2486 255 2559 dere
280 2486 464 2579 quotannis
487 2505 646 2582 magnam
669 2485 826 2576 pecuniae
847 2483 1014 2560 sommam
1039 2485 1217 2560 debuerit:
1251 2483 1310 2558 sed

171 2582 273 2660 nullo
295 2599 356 2658 aut
369 2579 533 2658 historici
552 2579 775 2668 testimonio,
800 2595 861 2654 aut
879 2581 1008 2654 indicio
1024 2579 1200 2672 probant,
1227 2604 1309 2658 eum

170 2691 360 2771 propterea
380 2678 552 2771 populum
574 2675 662 2752 adeo
686 2674 853 2769 pressille,
876 2697 917 2750 ac
940 2676 1100 2765 vexalle3
1134 2693 1175 2750 ut
1191 2681 1311 2752 exusto.

168 2795 221 2848 res
236 2780 367 2848 mittens
383 2774 570 2867 adpellari,
586 2794 722 2866 eoque,
737 2789 900 2868 tanquam
915 2770 1188 2848 characteristico
1203 2776 1308 2852 titulo

169 2867 343 2966 insigniri,
369 2870 542 2946 debuerit.
601 2869 793 2944 Proferunt
812 2869 954 2963 quidem
976 2869 1158 2956 nonnulli,
1190 2889 1229 2946 ut
1249 2871 1309 2966 Ju⁴

169 2969 271 3058 nius,
294 2965 443 3059 Gejerus
465 2967 500 3041 st
519 2965 597 3057 alii,
622 2987 704 3042 eum
725 2967 867 3054 amicis,
897 2990 918 3040 a
939 2968 1053 3044 nimiis
1070 2964 1308 3046 exadionibus

169 3085 290 3162 regem
311 3062 599 3150 dehortantibus,
624 3059 1158 3155 respondisseimpudentissime,
1175 3062 1240 3156 fibi
1252 3080 1308 3160 pe·

168 3166 299 3236 conum
318 3157 376 3258 effe
390 3165 527 3246 amires,
553 3159 656 3232 nimie
670 3157 878 3232 festinanter
892 3160 927 3232 u
942 3158 1199 3252 imprudenter!
1225 3184 1307 3240 cum

169 3257 257 3330 illud
281 3277 356 3332 non
374 3255 419 3330 de
439 3255 610 3340 Seleuco,
643 3251 703 3324 sed
728 3252 921 3326 Ptolemaeo
944 3253 1149 3347 epiphane,
1174 3257 1306 3330 referat

170 3353 403 3448 Porphyrius,
428 3369 473 3424 ex
496 3371 568 3444 quo
585 3346 658 3422 solo
673 3347 709 3420 id
723 3347 854 3420 habent
872 3346 977 3420 Doshi
992 3349 1089 3434 Viri,
1115 3351 1204 3439 apud
1223 3353 1305 3424 ldie·
1376 3379 1378 3384 ·

170 3471 360 3542 ronymum
387 3487 431 3538 a,
456 3447 489 3519 u
512 3447 619 3542 longe
639 3444 704 3518 alia
719 3442 901 3520 occasione
920 3441 1141 3529 aPtqlemaeo
1155 3441 1306 3540 Epipha-

167 3568 216 3620 ne
234 3546 427 3639 prolatum:
458 3540 610 3631 scilicet,
637 3562 718 3616 cum
742 3539 874 3614 bellum
894 3553 1019 3613 contra
1030 3539 1217 3615 Seleucum
1230 3564 1305 3616 mo·

167 3643 251 3716 litus
275 3641 573 3734 interrogaretur,
606 3637 661 3710 obi
681 3640 808 3710 inbuet
828 3641 1020 3730 pecuniam,
1043 3633 1224 3730 reserauit,
1239 3635 1306 3730 filri

166 3744 283 3812 amicos
306 3733 364 3833 effe
384 3739 534 3811 divitias.
581 3731 678 3810 Nihil
699 3733 806 3904 firsnislf
827 3733 871 3806 de
893 3731 1042 3810 Seleuco
1063 3731 1306 3907 traditumstex.

819 3852 846 3903 ι
1258 3849 1294 3909 π

205 3933 357 4014 ambs
