3494 4802
29 745 31 788 ,
164 690 257 788 polle
281 691 483 766 incensum
516 691 667 777 venire,
701 693 781 786 quia
805 694 899 767 inter
919 719 1040 768 cornua
1063 699 1166 794 buliu
1188 705 1312 784 locum
1444 709 1447 716 ’

29 1183 31 1254 l

315 427 372 484 ln
414 402 789 484 vnrrcrulu
834 372 1170 519 onututrs.
1242 421 1311 528 st,
1437 495 1438 498 ,

165 524 288 682 detur,
313 591 496 670 Artaxiam
518 592 576 668 hic
596 591 788 670 secuudum
809 593 988 692 vulgatam
1013 602 1220 698 opinionem
1237 627 1313 691 non

162 790 391 870 nonhabet:
419 805 460 861 ut
482 810 530 862 cx
555 788 792 884 superioribus
813 791 938 886 liquet.
989 795 1028 868 ln
1055 797 1194 875 duobus
1217 795 1310 900 prio·

161 887 257 960 ribus
288 885 491 963 refellendis
518 885 659 964 doiiuru
685 887 824 963 Patrem
850 888 980 990 fefellit
1003 897 1199 986 memoria,
1232 902 1309 990 Phi.

147 983 337 1061 'lometora
364 984 670 1081 &Philopatora,
703 985 861 1078 duosque
884 985 1111 1086 Euergetes,
1152 999 1308 1093 primum

158 1079 192 1152 dc
217 1079 439 1166 secundum,
464 1104 539 1156 non
560 1079 845 1178 distinguentem.
895 1081 979 1159 Fuit
1000 1089 1098 1173 enim
1119 1094 1309 1170 Antiocho

156 1197 242 1252 eum
262 1178 400 1252 duobus
428 1177 622 1252 Ptolemaeis
652 1178 837 1263 fratribus,
871 1177 1175 1264 Philometore&
1197 1179 1309 1264 Eue'r.

29 1275 31 1318 r
152 1290 241 1444 fiete
262 1295 325 1370 rt„
350 1274 432 1348 alias
455 1273 655 1365 Physcone,
681 1275 831 1348 omnino
854 1275 1004 1351 multum
1022 1285 1180 1376 negotii,
1205 1302 1246 1359 ut
1262 1310 1309 1364 er

178 1372 191 1442 i
226 1370 303 1446 oria
330 1369 381 1444 est
404 1367 668 1456 testatilstnrunr.¹
700 1369 858 1444 ”Reitius
877 1371 997 1465 itaque
1019 1377 1204 1474 regeffiffet
1222 1385 1309 1458 Hie-

154 1370 352 1559 roigmtts,
381 1480 519 1542 tanturn
544 1465 680 1556 abesse,
705 1484 744 1542 ut
767 1463 879 1544 hosce
895 1489 995 1568 reges
1016 1472 1061 1544 de
1083 1476 1163 1548 sede
1187 1479 1308 1556 detur.

105 1637 109 1642 .
154 1563 295 1640 baverit
316 1563 539 1652 Antiochus,
565 1585 761 1655 eorumque
786 1567 1150 1661 regnumdeleveric,
1176 1591 1235 1665 ut,
1264 1579 1306 1654 li.

155 1677 214 1736 cet
238 1660 343 1736 initio
367 1659 403 1732 id
424 1658 579 1746 sciturus
597 1660 799 1749 videretur,
826 1661 885 1753 spe
900 1661 958 1738 suc
972 1667 1161 1760 exciderit,
1187 1674 1220 1746 cic
1230 1675 1304 1765 jus.

153 1757 190 1834 su
216 1757 460 1832 Romanorum
486 1778 574 1832 wcurn
603 1757 738 1834 summo
766 1757 941 1834 dedecore
970 1759 1097 1838 finibus
1125 1773 1304 1846 excedere

152 1854 295 1936 coactus
318 1853 451 1928 suerit:
476 1855 607 1948 dequo
625 1853 696 1946 ipse
718 1853 845 1928 Daniel
868 1877 897 1928 c.
915 1878 964 1931 ut:
983 1881 1043 1953 29,
1061 1885 1119 1964 30.
1141 1866 1326 1944 luculen.
1375 1907 1377 1910 v

152 1968 210 2027 ter
235 1953 446 2026 vaticinatus
469 1949 540 2036 est,
565 1951 599 2023 tr
620 1949 762 2026 historia
778 1953 923 2026 indubia
937 1953 1093 2036 testatur.
1143 1957 1224 2038 Nec
1241 1967 1301 2040 de.

150 2038 410 2141 belluinaque
438 2047 516 2121 sunt
538 2047 574 2119 hi
601 2069 700 2145 reges
711 2102 720 2126 „
751 2070 820 2123 nec
842 2071 993 2148 regnum
1013 2055 1206 2150 disparuit,
1238 2063 1302 2152 sed

150 2148 270 2243 primo
295 2143 702 2240 penesPhilometora,
732 2145 813 2220 dem
836 2144 1038 2243 Euergeten
1061 2151 1159 2243 suit,
1195 2160 1230 2232 δι
1253 2161 1300 2234 ad

175 2241 312 2320 osteros
339 2258 568 2336 propagatum
588 2239 651 2315 est.
703 2239 895 2322 Haeclicet
920 2246 1032 2334 clara,
1059 2249 1241 2327 &nemini
1260 2257 1299 2331 in

148 2266 293 2416 Bistoria
313 2337 547 2424 versatonon
569 2353 671 2424 nota,
697 2335 816 2409 facere
842 2351 961 2412 tamen
983 2361 1058 2414 non
1079 2363 1301 2438 potuerunt,

147 2455 192 2514 ut
214 2439 452 2525 recentiores,
478 2439 583 2508 etium
607 2431 810 2507 eruditione
825 2433 1007 2536 celebres,
1033 2457 1097 2510 eos
1106 2439 1228 2514 missos
1243 2443 1296 2518 se.
1384 2441 1386 2444 ’

147 2535 287 2623 cerint3
320 2534 436 2620 sorte,
469 2535 549 2625 quia
570 2531 627 2603 alii
650 2551 724 2602 non
747 2528 1001 2620 suppetebant,
1026 2537 1160 2608 neceb
1183 2539 1297 2632 hypo.

146 2630 234 2710 thefi
256 2629 435 2715 discedere
456 2626 509 2702 sas
530 2629 713 2723 putabant.
777 2623 911 2720 Utique
935 2625 976 2700 C.
999 2627 1158 2706 Abel'ex
1179 2634 1296 2712 Philo.

147 2745 289 2806 uictore
310 2731 346 2804 dc
367 2725 537 2827 Artaxia,
577 2725 714 2804 Bekker
735 2746 780 2800 ex
799 2721 1093 2824 Philometore&
1116 2727 1295 2832 Euergete

147 2829 207 2902 duc
228 2848 364 2902 cornua
383 2822 491 2913 secit;
516 2823 661 2897 tertium
683 2825 738 2896 illc
752 2824 790 2898 in
803 2819 972 2896 Demetrio
985 2825 1157 2902 Antiochi
1173 2827 1294 2912 fratris

146 2920 243 3011 filio,
274 2927 323 2996 bic
347 2923 383 2996 in
407 2922 535 2996 Seleuco
559 2919 786 3014 Philopatore
804 2919 981 2996 Demetrii
1002 2938 1130 3014 patre,
1163 2927 1293 3007 &Aru

81 3037 84 3042 '
145 3019 263 3098 tiochi
286 3020 416 3110 fratre,
447 3007 628 3113 quaefiiit:
665 3033 816 3113 uterque
834 3015 1046 3096 infeliciter.
1101 3019 1310 3104 Demetrio>

146 3119 242 3193 enirn
266 3117 446 3213 preripuit
468 3115 610 3208 quidem
630 3136 780 3211 regnum
801 3115 1025 3206 Antiochus,
1049 3115 1107 3190 sed
1120 3142 1203 3198 eum
1221 3147 1291 3200 nec

147 3215 303 3306 oceidit,
328 3235 396 3289 nec
411 3235 523 3310 regno
538 3215 574 3286 in
590 3228 801 3303 perpetuum
818 3212 995 3302 privavit,
1014 3234 1096 3290 cum
1112 3217 1196 3292 illud
1211 3221 1291 3314 post

104 3311 258 3388 lilium
276 3312 445 3388 Antiochi
462 3306 618 3385 occisum
636 3307 697 3380 fibi
712 3305 963 3398 vindicaverit:
989 3329 1035 3382 ne
1049 3311 1189 3401 dicam,
1215 3317 1290 3389 De.
1379 3405 1381 3408 Ι
1469 3407 1479 3416 r

146 3410 335 3496 metrium,
360 3431 434 3503 quo
455 3423 618 3500 tempore
642 3403 841 3478 Antiochus
863 3402 1036 3491 succesit,
1062 3409 1220 3484 nondum
1240 3436 1290 3483 re.
1378 3457 1382 3468 .

103 3559 107 3576 ,
143 3531 216 3604 gem
235 3506 357 3592 suillo,
381 3505 512 3580 nedum
536 3523 658 3591 coruu3
682 3522 767 3574 cunr
779 3497 904 3572 Romae
923 3498 1053 3591 uistdtru
1066 3505 1188 3598 egerit.
1221 3506 1291 3582 Sed

141 3626 217 3700 quo
239 3604 316 3697 jure
341 3603 492 3678 Seleucus
509 3597 843 3698 „Pcttopauclocum
859 3599 953 3672 inter
971 3597 1037 3670 tria
1057 3598 1133 3671 haec
1156 3622 1291 3679 cornua

143 3713 287 3786 teneat,
314 3720 375 3776 me.
393 3698 486 3773 haud
508 3695 706 3792 perspicere
726 3693 844 3769 fateor
861 3717 874 3781 ς
905 3715 987 3769 cum
1008 3701 1081 3769 non
1102 3694 1289 3791 Antiochi,

141 3798 203 3874 sed
223 3795 395 3872 Hrlt'uclon'
417 3795 597 3870 fraudibus
620 3793 785 3884 perierit,
810 3789 1142 3870 necsuccelloribus
1167 3818 1290 3876 carue·

136 3897 208 3990 tit,
239 3897 430 3990 nequidem
453 3915 501 3970 ex
526 3889 584 3970 sua
603 3887 724 4064 stirpp.
782 3885 873 3999 Quae
898 3912 980 3970 cum
1000 3891 1092 3968 clara
1110 3892 1192 3968 luce
1215 3895 1286 3969 iul·
1398 3947 1401 3952 ·

465 4003 469 4012 ’
732 4007 752 4060 a
775 4007 796 4082 3
1132 4013 1285 4090 ceant,
