3440 4774
433 435 496 488 no
568 412 604 489 D
652 409 686 486 A
734 409 896 489 Nori:
947 434 1004 507 37.
1218 419 1288 512 655

29 629 33 634 ·
140 585 312 681 nrficentio
341 611 417 662 uero
444 594 480 662 io
507 585 595 662 Deos
618 594 672 663 vei
695 587 800 688 Joois
828 589 975 685 Olympii
998 586 1165 684 Templum
1184 586 1289 660 Athe·

140 691 212 773 nis,
237 711 338 759 unum
363 695 398 759 in
423 692 520 758 terris
544 689 727 762 inchoatum
745 703 804 784 pro
827 688 1051 783 magnitudine
1074 687 1143 760 Dei
1152 737 1163 774 ,
1185 681 1288 782 potesi

141 781 228 874 toliis
250 781 329 882 ff,
363 783 418 876 sed
444 781 487 866 ἐξ
510 782 617 858 Delon
638 789 707 857 oris
732 784 931 882 instgnibus,
963 781 1211 880 statuarumque
1240 805 1288 854 ro·

135 888 195 978 pio
219 887 419 970 exornavit,
452 903 533 955 cum
557 881 696 956 historia
720 884 778 954 vix
798 883 977 956 conciliari
1001 883 1096 978 posse
1123 883 1287 971 videtur,

140 977 355 1070 deputatur,
381 977 475 1070 quod
501 980 543 1050 ad
568 979 653 1050 Deos
677 996 809 1072 porram
834 999 979 1075 negatur
995 986 1139 1052 animum
1154 981 1289 1072 adplici-

140 1089 250 1151 turur.
289 1076 355 1148 Cui
373 1072 568 1146 difficultati
582 1077 708 1166 partim
724 1075 837 1150 retius
853 1077 1049 1150 verborum
1065 1075 1287 1160 interrettus,

140 1193 223 1247 mox
241 1171 394 1258 dandus,
419 1185 597 1256 occrrrrrt,
623 1173 750 1266 partim
772 1192 903 1244 nervos
918 1171 1021 1264 plane
1036 1173 1160 1246 incidit
1172 1170 1289 1245 obser-

142 1269 263 1358 vati0,
297 1268 406 1344 modo
428 1283 641 1358 memorata,
676 1271 719 1341 de
740 1269 904 1362 improbo
929 1269 1002 1358 ejus
1018 1271 1160 1358 anima,
1186 1283 1290 1340 antea

141 1366 312 1443 ementita
334 1364 452 1460 specie
473 1363 647 1454 obducto,
673 1387 767 1441 nunc
787 1365 864 1460 post
881 1365 1052 1457 impetum
1071 1370 1107 1444 in
1126 1365 1218 1437 sacra
1232 1361 1290 1456 Ju-

141 1465 299 1538 daeorum
320 1463 445 1538 clarius
466 1461 670 1556 patefacio,
705 1465 805 1555 cujus
829 1464 886 1536 hic
909 1463 1072 1538 meminit
1101 1461 1289 1558 Propheta.

139 1559 263 1636 Fuerit
285 1561 402 1655 itaque
428 1561 649 1650 Antiochum
681 1560 819 1658 inssgnis
840 1560 983 1636 fallendi
1008 1559 1156 1647 artifex,
1183 1575 1222 1632 ut
1238 1557 1291 1632 su·

140 1681 204 1753 pra
225 1659 287 1732 suo
310 1659 393 1732 loco
415 1657 585 1746 vidimus,
616 1659 655 1732 in
676 1659 839 1732 Deorum
855 1659 953 1732 cultu
971 1656 1189 1751 splendidus,
1214 1677 1290 1730 non

140 1773 261 1831 tamen
277 1753 406 1844 faciet,
432 1773 473 1828 ut
490 1753 691 1848 Prophetici
706 1756 875 1831 sermonis
889 1756 1030 1830 colores
1043 1757 1086 1829 ab
1101 1756 1175 1846 ipso
1186 1753 1291 1827 alieni

140 1851 402 1941 existimentur3
437 1851 518 1944 quia
532 1853 624 1924 cirea
638 1852 722 1926 vitae
736 1849 864 1942 finem,
880 1853 938 1926 vel
955 1851 1035 1946 post
1049 1850 1290 1938 infestationes

140 1951 345 2047 Judaeorum
357 1951 429 2042 jam
446 1949 628 2042 inceptas,
653 1951 785 2027 larvam
804 1949 986 2043 deposuit,
1012 1950 1068 2038 a,
1090 1947 1291 2024 Nominum

143 2049 414 2126 venerationem
439 2049 538 2122 nullo
566 2045 684 2124 secum
705 2050 789 2123 loco
815 2048 905 2138 esse,
939 2045 1119 2123 clariffime
1145 2046 1291 2121 demon-

142 2143 274 2220 stravit.
332 2145 485 2238 Dee-quo
505 2145 707 2237 Propheta,
747 2147 785 2220 in
811 2148 978 2222 omnibus
998 2143 1291 2230 accuratiisrmus,

144 2263 210 2336 per
234 2239 344 2333 ipsum
366 2240 573 2313 narrationis
593 2241 753 2314 ordinem
777 2263 842 2314 nos
862 2239 1068 2328 admonuit,
1101 2236 1292 2311 &historia

145 2336 303 2414 testatur.
390 2336 460 2407 uod
476 2355 572 2408 nunc
585 2336 789 2428 explicatius
807 2336 952 2409 tradam.
1033 2387 1040 2395 -

194 2440 227 2524 §.
244 2429 383 2506 CLXX⁴
405 2431 465 2506 lX.
493 2430 598 2521 Du0,
623 2429 781 2524 respestu
794 2431 992 2506 Nominum
1010 2429 1228 2520 Gentilium,
1247 2435 1290 2506 ab

143 2532 219 2626 ipso
238 2529 353 2605 minus
369 2543 593 2616 curatorum,
621 2528 725 2602 tradit
740 2529 933 2622 Propheta,
958 2531 1069 2622 probe
1084 2526 1293 2624 distinguen-

145 2631 214 2719 da,
254 2649 329 2722 quae
358 2626 447 2700 malo
473 2621 672 2719 permisceri
701 2625 835 2714 solent,
874 2627 1023 2701 alterum
1045 2625 1088 2698 ad
1111 2627 1209 2699 Deos
1235 2648 1292 2720 pa·

146 2729 251 2816 trios,
277 2725 426 2800 alterum
449 2725 490 2796 ad
513 2725 646 2817 reliqua
659 2725 757 2822 regni
771 2722 1099 2817 Syro-Macedonici
1116 2722 1293 2812 Numina,

143 2825 337 2920 pertinens.
391 2821 552 2920 Quorum
574 2827 667 2918 prins
685 2845 809 2896 eorum
825 2823 1002 2918 negirdum
1018 2821 1219 2914 simpliciter
1236 2821 1295 2896 ha·

144 2925 225 3012 bet,
248 2919 404 3018 posterior
426 2919 620 2996 violentam
645 2935 813 3014 praeterea
835 2942 959 2995 eorum
979 2921 1293 3017 oppugnationem.

145 3021 281 3091 Ultima
302 3021 397 3090 enim
417 3022 551 3102 verba,
577 3025 653 3112 quio
670 3023 848 3112 tmpticottr
858 3016 890 3106 fe
906 3031 1018 3090 contra
1036 3039 1161 3108 omnes,
1187 3017 1229 3092 ad
1246 3019 1295 3090 de·

140 3111 297 3210 firieriurn
312 3117 504 3198 muliorum,
521 3112 690 3184 &ornnem
708 3114 837 3197 Deum,
861 3113 1097 3208 restringenda
1113 3114 1201 3188 sunt.
1221 3113 1297 3208 Ipsa

148 3230 290 3306 quoque
307 3207 421 3279 oratio
435 3207 480 3278 fic
495 3207 706 3278 concinnata
724 3207 793 3293 est,
821 3223 861 3280 ut
874 3216 1056 3300 patriorum
1073 3209 1219 3284 Deorum
1235 3233 1296 3284 ne·

148 3306 280 3406 glesius
306 3327 369 3398 per
393 3301 427 3374 se
448 3304 525 3396 capi
548 3302 674 3375 debeat
691 3301 850 3389 seorsim,
876 3305 910 3374 δι
924 3302 1109 3394 defidatione
1124 3311 1296 3378 attritorum

150 3409 339 3480 cumomni
363 3399 432 3472 Dro
458 3396 689 3474 construatur.
743 3397 845 3471 Prior
863 3400 978 3492 itaque
995 3403 1042 3473 ita
1058 3401 1184 3490 habet,
1212 3403 1298 3476 etad

152 3503 239 3576 Duos
261 3499 400 3572 Parnon
416 3521 477 3570 non
495 3497 668 3592 adplicabit
684 3502 840 3570 orrinnnrr.
890 3497 1045 3570 liaberet
1065 3497 1181 3588 itaque
1199 3499 1296 3572 Deos

151 3599 250 3684 snos,
277 3621 296 3670 a
319 3597 475 3671 Patribus
498 3595 540 3668 ad
563 3593 675 3687 ipsum
700 3595 908 3682 devolutos,
942 3618 1029 3688 quos
1046 3591 1297 3688 profiteretur,

152 3697 185 3769 d:
215 3712 365 3768 esterno
387 3715 526 3786 quoque
549 3693 646 3766 cuitu
672 3691 962 3786 p1·0sequer·etur;
1003 3691 1100 3785 quod
1123 3693 1180 3765 hic
1206 3693 1297 3766 ctare

152 3794 336 3868 innuitur:
363 3793 489 3886 quibus
518 3811 660 3884 ortoque
690 3792 800 3883 palam
827 3809 899 3863 non
923 3791 1168 3878 renunciarem
1204 3790 1300 3885 qnod

152 3893 210 3966 hic
235 3913 307 3966 non
328 3891 468 3966 dicitur.
518 3887 626 3964 Foret
652 3910 736 3986 ergo
758 3903 983 3984 maneretque
999 3887 1174 3985 professus
1188 3891 1301 3965 idolo*

1198 3995 1303 4080 intra,
