3504 4782
354 396 1204 484 rnunrrcruranaurxms.
1283 430 1357 511 ηρ

191 585 237 660 tir
257 579 389 658 Darius
409 581 611 682 Hystaspis,
640 587 701 678 qui
727 588 889 658 uirtutem
910 587 965 658 loc
986 591 1118 682 imperio
1141 586 1277 686 diguam
1291 587 1346 658 la·
1378 575 1384 582 ’

192 685 279 772 lull,
307 697 348 757 ut
368 683 417 757 ait
436 679 560 776 Justin.
579 705 610 758 1:
631 703 686 757 10.
710 681 852 777 seseque
868 681 1087 760 famosrllirno
1103 685 1268 758 bellatori
1287 685 1346 760 Se-

189 777 285 854 sostri
308 801 535 876 comparare,
567 780 593 852 sr
613 801 668 853 res
683 784 790 875 parili
804 794 899 853 elate
919 779 1014 876 geste
1029 781 1286 871 conserantur3
1311 781 1347 853 δι

187 875 224 950 se
244 899 290 951 eo
314 899 389 953 non
410 878 490 952 fore
511 876 768 974 posteriorem,
793 875 820 949 fi
839 879 1049 954 tantundem
1075 880 1155 956 vitae
1179 878 1242 952 libi
1260 897 1345 952 con·

190 975 329 1072 tingat,
368 976 580 1072 promittere
608 974 710 1051 ausus
738 975 819 1052 suit.
852 977 1003 1052 Diodor.
1026 979 1095 1053 Sic.
1119 978 1144 1052 l.
1171 999 1204 1053 1.
1225 1000 1259 1070 p.
1285 997 1346 1066 54.

187 1069 269 1147 Nec
290 1073 378 1148 illud
398 1074 502 1149 nimis
517 1072 707 1165 jactanter,
731 1073 815 1148 srad
827 1074 942 1165 bella,
967 1076 1094 1168 quibus
1110 1077 1348 1172 regnum‘am·

184 1171 311 1265 pliavit
337 1193 402 1265 per
427 1170 610 1259 Thraces,
642 1171 773 1257 Getas,
797 1170 904 1244 Indos
931 1172 964 1244 δι
988 1171 1113 1267 insulas
1132 1172 1258 1260 maris,
1291 1169 1348 1242 ad·

183 1268 374 1342 tendatur:
400 1265 447 1338 de
468 1287 540 1360 quo
563 1287 610 1338 ex
630 1263 776 1338 historia
795 1266 935 1340 abunde
953 1266 1102 1342 constat.
1151 1267 1259 1357 Cujus
1276 1265 1349 1339 vir·

183 1365 276 1438 tutis
305 1365 460 1437 heroicae
491 1359 623 1435 illullre
653 1361 830 1458 specimen
853 1361 980 1453 dedit,
1020 1352 1161 1456 quando
1182 1383 1265 1436 cum
1289 1358 1349 1437 sex

27 1561 28 1568 Ν
65 1523 67 1530 ,
184 1459 312 1548 sociis,
338 1481 490 1554 quorum
507 1458 584 1552 ipse
599 1459 732 1552 primus
746 1459 781 1531 dr
798 1451 1042 1535 strenuiffimlls
1057 1475 1152 1548 erat,
1179 1459 1345 1534 insulam
1374 1521 1383 1537 .

185 1556 339 1651 irrupit,
365 1559 398 1630 dc
415 1557 544 1652 Magos
559 1556 703 1632 occidit.
718 1555 853 1631 Herod.
870 1555 893 1629 l.
910 1575 967 1633 ιιι.
987 1578 1019 1632 c.
1037 1578 1097 1650 71,
1117 1555 1174 1650 76.

60 1705 71 1720 .
215 1637 269 1746 ‘§.
285 1653 396 1727 XXll.
422 1653 510 1726 Haec
533 1653 618 1726 licet
640 1653 843 1726 emblemati
859 1653 924 1724 hac
941 1669 1040 1745 parte
1054 1653 1257 1730 illustrando
1274 1653 1345 1730 suf·

188 1750 329 1828 ficiunt:
356 1750 439 1845 quid
464 1763 585 1823 tamen
606 1748 735 1822 addere
754 1763 870 1836 vetat,
897 1746 1016 1846 Persas
1031 1749 1065 1824 se
1080 1751 1117 1826 iu
1155 1775 1262 1827 encre
1277 1754 1344 1828 his·
1441 1751 1448 1762 “

189 1871 230 1925 ce
250 1849 348 1944 pardi
370 1846 594 1943 qualitatibus
617 1845 710 1920 haud
731 1843 901 1920 absimiles
924 1775 1199 1939 demonstrasse,
1225 1872 1344 1945 quam·

190 1949 250 2022 diu
266 1945 412 2020 Medico
430 1946 523 2019 luxu
544 1965 617 2018 non
632 1943 781 2018 suerunt
795 1947 982 2037 corrupti
1016 1947 1073 2021 Sic
1088 1947 1198 2022 Dario
1214 1948 1343 2022 adfuis-

188 2044 223 2120 se
245 2045 371 2120 dicitur
395 2041 569 2139 &culparer
591 2042 703 2129 ulis&
727 2041 845 2140 os'rdgu‘r
861 2041 1050 2138 τευχηςιῖςων
1067 2043 1279 2141 insuperabile
1294 2069 1344 2118 ro·

186 2147 419 2220 rutenorum
448 2137 684 2233 bellicosorum,
722 2137 840 2222 AEsch.
865 2139 956 2213 Pers.
977 2139 1067 2214 vers.
1091 2164 1173 2235 903.
1231 2140 1341 2233 Cujus

188 2242 329 2316 virtutis
352 2237 467 2314 adhuc
495 2251 659 2331 tempore
680 2233 1002 2309 Xerxisdederunt
1023 2237 1171 2317 indiciam
1197 2235 1341 2332 seseque

175 2335 403 2436 Jlrenulffimor
428 2337 638 2410 barbarorum
661 2331 915 2425 prestiterunt,
947 2329 1142 2406 secundum
1161 2333 1340 2409 Herodot.

186 2439 213 2515 l.
234 2458 284 2509 rx.
307 2457 338 2510 c.
358 2456 417 2527 70,
442 2455 522 2508 ror.
579 2429 730 2502 Bellicus
754 2441 1067 2522 pratereaeorum
1082 2428 1218 2501 animus
1234 2448 1338 2502 exeo

110 2555 120 2564 ’
184 2535 326 2623 elucet,
359 2547 432 2606 tum
458 2528 555 2626 quod
577 2527 808 2619 exomrribus,
863 2544 916 2595 uos
936 2545 992 2619 ego
1014 2527 1114 2612 novi,
1139 2525 1339 2616 hominibus,

181 2635 271 2709 dicit
290 2627 468 2708 Herodot.
492 2630 516 2702 l.
540 2647 621 2701 vur.
644 2646 676 2700 c.
699 2625 781 2716 238·
831 2547 940 2714 serso
960 2623 1098 2695 maxime
1102 2618 1234 2715 soleant
1249 2627 1340 2697 uiros

179 2737 217 2810 irs
238 2755 273 2804 re
293 2731 436 2803 militari
455 2721 648 2822 preliantes
669 2724 781 2794 bonore
799 2714 958 2812 adficere:
991 2733 1067 2793 tum
1081 2716 1179 2812 quod
1192 2719 1339 2795 nomina

178 2851 325 2929 regum,
351 2824 470 2914 Darii,
496 2820 619 2894 Xerxis
639 2819 674 2892 ἃ
693 2816 918 2904 Artaxerxis,
953 2815 1003 2889 nil
1024 2814 1086 2888 nisr
1108 2813 1256 2890 Martem
1274 2815 1338 2912 spi·

177 2944 283 3016 rent,
307 2923 438 3000 eodem
459 2918 669 2995 observante
692 2915 715 2989 l
743 2935 792 2988 vr.
817 2935 849 2988 c.
868 2917 925 3008 98.
950 2927 1026 2990 turn
1040 2912 1213 3010 denique,
1240 2913 1337 3008 quod

178 3050 240 3104 ner
260 3023 416 3118 apuleo
436 3024 596 3116 pingatur
618 3019 672 3090 uel
687 3009 842 3109 fingatur
864 3013 958 3084 uliud
975 3026 1095 3108 preter
1108 3016 1224 3085 varias
1239 3014 1336 3086 tedes

182 3121 229 3212 δ’
246 3123 349 3208 lello,
373 3139 448 3214 quae
467 3117 576 3189 verba
589 3115 669 3188 sunt
682 3112 805 3190 Amm'
817 3109 977 3184 Marcell.
991 3110 1129 3212 lxxrv.
1145 3129 1176 3184 c.
1195 3111 1230 3184 6.

183 3299 187 3306 ,
232 3225 267 3312 §·
287 3229 412 3298 XXlll.
444 3215 576 3289 Praeter
603 3211 747 3282 heroica
776 3208 811 3279 δι
838 3209 969 3281 Martia
998 3204 1167 3302 pectora,
1207 3207 1334 3299 quibus

181 3317 336 3394 Pardum
364 3314 456 3389 haud
480 3311 571 3386 male
593 3307 664 3380 'eos
691 3303 827 3376 referre
855 3302 1020 3378 hellenus
1042 3301 1213 3395 probavi:
1247 3303 1334 3376 ferae

182 3416 283 3508 hujus
306 3413 462 3490 indolem
479 3407 608 3507 seuam
627 3404 663 3478 &
683 3399 841 3475 crudelem
861 3399 936 3472 ase
958 3421 1033 3474 non
1052 3399 1200 3470 alienam
1217 3397 1335 3470 multis

183 3513 295 3588 modis
316 3510 617 3606 comprobarunt,
642 3501 676 3574 dr
698 3515 822 3574 omnes
841 3495 886 3568 de
899 3495 978 3588 ipsis
993 3493 1110 3568 testati
1125 3490 1204 3565 sunt
1221 3491 1336 3566 Histo-

183 3609 259 3687 rici.
307 3609 400 3708 Quae
426 3608 450 3680 sr
473 3604 602 3678 vellem
622 3597 741 3674 omnia
762 3590 925 3689 proferre
941 3588 1090 3678 indicia,
1115 3587 1259 3666 modum
1275 3589 1336 3665 vix

185 3721 325 3783 teneret
346 3703 559 3790 dissertati03
592 3717 699 3792 quare
721 3699 759 3768 in
778 3713 888 3785 pauca
909 3685 1127 3765 contraham.
1189 3709 1220 3763 1.
1246 3686 1334 3764 Cru·
1394 3755 1398 3764 ,

185 3804 301 3879 delem
326 3825 454 3880 eorum
473 3801 649 3888 animum,
681 3807 721 3870 ut
741 3791 799 3864 vel
821 3785 1036 3874 atrociffimae
1059 3807 1171 3880 poenae
1185 3785 1219 3860 dr
1233 3785 1335 3862 inhu-

185 3923 289 3984 mana
313 3900 511 3998 supplicia,
544 3915 619 3990 que
649 3893 718 3968 reis
742 3887 928 4064 ioffgunt,
945 3888 1003 3964 ab
1024 3884 1188 3962 omnibus
1211 3897 1336 4054 noceat?

285 4011 292 4022 ·
850 3997 854 4006 '
1001 4007 1005 4014 ’
1224 4001 1268 4055 au
1328 4014 1341 4031 ·
