3464 4774
431 385 501 470 γοα
600 337 1424 460 con'unnrnutus

434 548 608 622 iniita‘rnn
619 549 889 628 memorantur,
917 533 1013 608 forte
1036 531 1349 625 ideo‘adpeliavit,
1376 530 1473 625 quod
1487 532 1589 607 belii.

438 643 592 717 cofiffi‘rrri
617 640 655 709 dt
676 635 847 710 fornffint
870 635 939 706 huc
962 633 1126 723 tempore
1149 629 1271 705 essent.
1330 629 1464 724 Utique
1485 641 1585 728 pet&

318 751 327 766 “
440 737 591 835 affinis
614 741 638 840 »g
663 732 738 808 nair
761 743 854 806 rents
880 728 1038 821 rotatione
1059 751 1191 801 monum
1215 729 1257 810 ὅ)
1279 733 1417 802 muitum
1431 737 1601 824 poputum·

440 841 479 910 irs
495 842 651 929 expreire
670 855 742 926 prat
755 831 893 920 reiiquis
908 827 1088 902 adtribuit.
1117 847 1131 897 1
1145 827 1262 900 bisce.
1277 849 1313 898 v:
1328 828 1363 900 6.

488 930 709 1023 §.CCXXV.
759 945 787 1002 t.
812 929 976 1018 Reliquas
996 941 1125 1010 terras,
1149 924 1355 1020 Aegyptum
1380 918 1512 1001 seilicet
1528 933 1581 1023 ip·

439 1029 530 1118 sum,
557 1021 757 1102 Cuschuaru
775 1024 991 1116 &Libyam
1016 1019 1094 1094 auu
1108 1021 1248 1112 quidem
1263 1043 1336 1094 non
1352 1022 1520 1113 intrabit,
1543 1039 1585 1102 ut

330 1205 332 1212 ,
438 1126 613 1222 Judaeum,
639 1117 795 1200 attamen
811 1141 867 1194 eus
882 1121 1007 1217 purtim
1026 1119 1075 1190 sui
1088 1120 1174 1207 iuris
1188 1119 1278 1204 eise,
1304 1118 1337 1190 u
1352 1118 1419 1192 suae
1434 1123 1588 1214 potens·

438 1215 672 1316 ti'subJ'edas,
698 1221 896 1314 reputabit,
913 1217 1051 1307 ¹sibique
1068 1216 1286 1298 vindicabit,
1312 1217 1437 1311 partim
1451 1242 1511 1292 eas
1526 1221 1585 1296 fibi

441 1323 599 1397 adserere
617 1333 717 1395 tantu
730 1335 810 1391 curn
825 1315 997 1389 fiducia&
1014 1311 1262 1406 praesumtione
1276 1315 1519 1409 adgredimur,
1530 1341 1583 1392 ae·
1693 1397 1697 1410 ,

438 1420 464 1496 si
485 1423 556 1514 jam
583 1415 702 1512 reapse
724 1413 932 1510 possideret,
955 1412 992 1484 dt
1011 1431 1122 1504 'opum
1145 1431 1265 1485 earum
1286 1413 1445 1488 ninnium
1462 1415 1584 1492 Domi.

437 1538 502 1592 nus
530 1515 627 1591 esset.
684 1511 769 1610 Quo
790 1515 863 1586 baec
887 1507 1144 1584 autumaverim
1167 1513 1274 1582 verba
1297 1509 1464 1599 tendere,
1496 1513 1583 1591 vers.

436 1634 497 1706 42,
514 1636 571 1706 43.
598 1612 801 1688 Etrnunnm
823 1613 976 1682 inmittet
993 1611 1034 1678 in
1050 1622 1174 1694 renas,
1200 1629 1256 1679 nec
1270 1607 1386 1680 evadet
1401 1608 1583 1706 Aegyptus.
1622 1623 1627 1632 '

439 1713 487 1784 Et
508 1714 727 1797 dominabitur
750 1705 905 1800 thesauris
927 1709 1003 1776 ouri
1018 1702 1061 1786 ὃ
1077 1709 1228 1798 urgueri,
1254 1707 1456 1801 utentibusque
1474 1707 1585 1800 deiide·

437 1811 617 1890 raiiiihn'r',
644 1806 793 1898 Aegypti
812 1802 855 1884 ὅθ
868 1801 996 1896 Libyae
1012 1801 1055 1882 ἐξ
1072 1797 1264 1895 Cuscherue,
1280 1809 1315 1874 in
1331 1801 1490 1897 iureffibus
1501 1805 1584 1900 suis.

439 1903 513 1976 Ubi
533 1919 615 1974 ante
635 1903 758 1972 omnia
780 1898 973 1971 notandum
996 1897 1069 1986 est,
1103 1916 1220 1994 regern
1237 1899 1498 1990 Septentrionis
1514 1927 1585 1981 nou

321 2063 323 2068 ,
438 2000 508 2074 dici
538 2003 762 2084 intraturum,
797 1995 855 2067 sed
879 2007 1010 2067 narrum
1032 1995 1245 2088 iujeitururm
1281 2017 1348 2070 nec
1371 1999 1584 2076 absolute&

299 2104 301 2109 ’
436 2097 516 2174 astu
533 2091 760 2190 possessurum
782 2107 956 2168 terrarum
976 2093 1113 2166 iilarum
1138 2093 1296 2178 divitius,
1324 2116 1447 2170 verum
1468 2103 1502 2171 in
1511 2097 1582 2194 fuir

439 2211 576 2270 tantum
599 2188 780 2286 iuteffihus,
820 2188 879 2262 seu
898 2192 1000 2263 vanis
1020 2187 1345 2283 praesumtionibus,
1371 2193 1405 2264 dr
1431 2197 1583 2288 superbis

439 2293 727 2392 cogitationibus.
784 2283 916 2362 Pbrasrs
936 2289 1111 2359 immittere
1131 2309 1263 2360 manunt
1287 2289 1347 2361 etss
1373 2307 1439 2382 pro
1461 2295 1580 2386 spots.

439 2393 542 2466 tione
563 2413 602 2463 ac
619 2387 900 2481 depredatione,
921 2385 1001 2457 abiu
1018 2382 1188 2478 prestita,
1210 2383 1415 2479 usurpatum
1430 2389 1519 2480 juris
1532 2393 1581 2466 ta.

438 2507 521 2565 men
536 2490 572 2562 in
586 2508 660 2560 rem
675 2487 963 2581 adrogationent,
988 2481 1131 2574 ejusque
1144 2483 1425 2562 vindicationem
1443 2510 1582 2583 quoque
1656 2511 1658 2521 ⁸

438 2585 623 2682 exprimit,
650 2581 740 2656 adeo
763 2599 803 2656 ut
823 2583 898 2674 quis
920 2596 997 2654 eam
1016 2600 1114 2664 rem,
1138 2580 1174 2652 in
1189 2601 1292 2674 quam
1308 2605 1441 2656 omnum
1456 2588 1580 2662 dicitur

437 2690 633 2771 immittere,
659 2679 855 2754 consideret
871 2677 1041 2766 utinam,
1057 2677 1199 2769 eiusque
1217 2677 1251 2749 se
1263 2676 1367 2770 tanet
1383 2680 1579 2762 Dominum

437 2783 470 2853 sit
485 2777 722 2871 possessorem.
772 2774 868 2848 Sicut
882 2771 1022 2868 immrffo
1036 2795 1150 2848 manus
1163 2796 1228 2870 pro
1243 2777 1420 2868 quibusvis
1435 2779 1580 2856 saeuite.

436 2873 533 2947 tibus
542 2902 557 2960 ‚·
580 2892 662 2962 quas
685 2871 760 2962 quis
782 2871 839 2939 vel
856 2871 983 2955 habet,
1009 2869 1158 2944 velsuas
1172 2869 1415 2966 eisereputat,
1440 2877 1485 2946 de
1499 2879 1577 2970 qui.

436 2973 502 3044 bus
518 2989 583 3063 pro
606 2964 750 3038 arbitrio
775 2963 964 3059 disponere
986 2961 1089 3058 poisrt
1106 2981 1269 3064 tanquam
1286 2969 1366 3045 suis:
1391 2983 1433 3045 ut
1443 2971 1524 3048 ioca
1538 3003 1578 3069 e,

434 3063 530 3141 infra
550 3064 674 3150 citata,
701 3063 844 3140 docent.
895 3063 1066 3136 Praeterea
1081 3065 1131 3136 nei
1147 3067 1423 3144 vindicationem
1437 3069 1580 3170 adgredi

434 3162 467 3237 u
486 3163 659 3258 suscipere
681 3182 822 3258 quoque
840 3162 1012 3250 invoivit,
1035 3159 1207 3238 successus
1223 3165 1406 3259 sequatur,
1421 3189 1489 3242 inec
1507 3193 1577 3264 ne,

432 3261 579 3358 perinde
607 3259 674 3336 est:
701 3273 740 3334 ut
761 3259 886 3350 Obadj.
913 3281 967 3354 13.
999 3257 1079 3334 Ezr.
1106 3281 1166 3337 vt:
1194 3281 1248 3337 12.
1296 3263 1366 3337 Sed
1391 3266 1577 3342 nedubius

430 3374 592 3437 maneret
617 3355 749 3444 sensus,
781 3357 956 3451 Propheta
983 3377 1065 3430 mox
1085 3361 1329 3452 explicationis
1349 3383 1438 3460 ergo
1458 3367 1576 3457 adjun-

367 3537 377 3544 ,
419 3457 504 3555 Βῆ,
530 3457 573 3541 &⁹
595 3457 812 3529 dominabitur
833 3457 959 3549 opibus
981 3468 1152 3530 terrarum
1169 3457 1306 3532 iliarum
1323 3483 1449 3545 innam
1463 3468 1497 3536 in
1507 3459 1576 3555 titis

431 3554 605 3649 inreffibur.
661 3553 746 3626 Haec
775 3553 870 3626 enim
892 3573 962 3624 vox
984 3572 1064 3626 cum
1089 3561 1151 3629 iun
1174 3555 1333 3628 dontinari
1354 3559 1504 3634 omnino
1526 3555 1576 3632 est

432 3649 689 3738 construenda,
716 3649 812 3722 secus
835 3671 875 3721 ac
896 3649 1148 3737 Interpretibus
1172 3651 1302 3746 visum,
1334 3654 1395 3746 qui
1417 3677 1497 3732 eum
1515 3654 1576 3730 Li·
1651 3661 1654 3666 '

428 3751 500 3848 ipis
528 3749 561 3822 u
586 3745 752 3845 Cnsriaeis
772 3747 1016 3846 conjungunt3
1042 3747 1142 3824 nullo
1164 3747 1283 3844 seusu,
1311 3770 1386 3828 uec
1409 3753 1479 3828 usia
1497 3775 1574 3833 cum

564 3861 567 3866 ’
1436 3850 1572 3950 empha-

463 3967 684 4032 euentus:
707 3980 734 4042 7.
754 3981 803 4028 xv:
827 3981 872 4030 10.
893 3979 1023 4028 xxxvto:
1046 3967 1073 4038 8,
1096 3979 1144 4030 eo.
