3502 4758
379 361 428 455 μ
530 339 1373 423 orssrnrnrrouns

376 531 539 638 ducunt,
570 545 608 620 in
630 543 716 620 iilud
735 539 854 618 exarte
869 539 904 616 dt
917 539 1024 616 unice
1039 541 1224 636 quadrent,
1272 539 1391 644 Quam
1407 539 1546 623 senten·

379 651 463 728 tiam
482 643 569 720 mihi
597 645 734 739 privam
761 639 831 714 effe
855 636 1063 716 existimavi.
1117 637 1186 714 Sed
1204 638 1451 718 austoritatenr
1475 644 1543 716 cir·
1590 669 1602 678 -

377 741 623 838 tunrprcienti
639 740 796 818 occurrit
810 743 915 836 primo
932 738 1045 814 verno
1059 736 1219 832 Syriaca,
1243 737 1303 812 cui
1318 733 1411 812 Dan.
1427 761 1494 814 vrr:
1509 760 1544 836 5.

378 843 507 919 inserta
529 835 581 914 est
600 840 677 914 haec
697 837 855 912 rubrica:
882 835 1035 932 Regnum
1050 833 1243 925 Medicum,
1271 849 1311 910 ut
1326 831 1375 908 vs.
1393 837 1429 912 6.
1454 835 1544 936 Reg.

377 951 457 1014 rrum
472 935 669 1108 Perlgrrum:
694 935 822 1010 deinde
836 955 882 1008 ex
896 931 1170 1048 Reeentioribus
1184 933 1310 1008 Herm.
1329 929 1546 1100 Μηῗρηῴνι

373 1039 453 1208 glor
475 1035 513 1108 in
561 1049 619 1108 ara
644 1033 698 1108 hr.
720 1029 809 1108 Hist.
830 1032 1007 1122 Danielis,
1040 1049 1099 1124 qur
1119 1043 1240 1106 tamen
1262 1047 1331 1102 nec
1347 1047 1544 1121 expromt,

404 1153 447 1207 ec
468 1133 599 1207 demon
670 1125 734 1206 vit.
781 1125 976 1217 Ananim,
1001 1126 1072 1202 live
1094 1126 1256 1220 antiqua,
1281 1125 1353 1199 five
1367 1147 1465 1200 nova
1478 1125 1543 1217 fit,

376 1249 461 1304 cum
483 1229 679 1303 rationibus
700 1227 828 1302 &non
851 1224 1115 1300 turroritatibus
1141 1225 1314 1300 innitatur
1333 1223 1487 1312 veritus,
1512 1223 1549 1296 te

376 1325 520 1402 libertas
543 1322 716 1400 sentiendi
738 1323 774 1397 in
789 1323 884 1398 hiere
900 1322 1023 1415 utique
1038 1321 1192 1396 materiis
1205 1320 1340 1395 nemini
1353 1319 1395 1394 fit
1407 1319 1546 1411 fraudi,

376 1423 478 1498 &me
486 1421 723 1511 ramsumere‚
731 1437 806 1496 non
816 1435 965 1508 temere,
975 1417 1144 1492 sedclaris
1152 1414 1547 1520 convidumargumen·

375 1519 546 1606 nmquis,
564 1519 645 1606 qui,
661 1533 707 1586 ne
724 1516 837 1586 dicam
853 1515 985 1608 regiam
1003 1513 1038 1582 dt
1053 1513 1199 1586 homine
1213 1512 1355 1606 dignam
1369 1511 1492 1586 insrstit
1508 1514 1548 1590 in

376 1610 533 1687 ueritate
548 1607 874 1704 indagandoviam,
906 1606 1006 1698 quod
1020 1605 1065 1679 de
1085 1609 1204 1700 paucis
1223 1605 1445 1700 illissperes,
1472 1610 1535 1699 qui

546 1747 721 1850 Adparent
745 1751 818 1822 rori
841 1757 959 1820 nantes
981 1749 1020 1820 in
1041 1748 1177 1843 gurgite
1204 1741 1316 1842 uasto,

377 1901 440 1992 led
461 1911 580 1990 studiis
599 1910 752 1988 animam
775 1907 958 2006 agentibus
982 1901 1092 1981 idum
1112 1904 1281 1983 lethalem
1296 1903 1485 1998 inflictum,
1508 1907 1547 1998 dt

377 2003 577 2088 barbariem
597 2030 680 2085 eum
700 2007 872 2082 servitute
892 2017 1098 2080 revocatam
1119 2024 1194 2078 non
1219 2004 1319 2096 vult,
1350 2027 1443 2106 egre
1456 2006 1545 2082 tule-

376 2102 454 2184 rit?
515 2103 626 2181 uodfi
642 2104 719 2198 quis
734 2103 883 2195 fecerit,
906 2110 927 2176 ai
940 2107 1287 2202 Qgtrrlt'lmtlrldn.
1533 2129 1536 2139 ’

379 2224 385 2240 ’
428 2208 461 2296 §.
577 2258 587 2278 .
612 2200 906 2278 Demonstremus
929 2200 1049 2294 iraque
1069 2197 1181 2273 modo
1201 2181 1314 2294 polito
1337 2200 1484 2277 criteria
1505 2202 1544 2280 in

378 2287 508 2400 Regno
530 2295 747 2391 Medorum3
779 2295 1001 2392 &judicium
1024 2317 1127 2392 aequo
1149 2293 1290 2371 Ledori
1307 2299 1545 2394 relinquamus

377 2398 568 2497 integrum.
619 2394 725 2470 Prius
744 2395 925 2470 criterium
947 2389 1017 2482 est,
1042 2415 1194 2492 regnum
1213 2394 1284 2470 hoc
1303 2394 1405 2471 fuisse
1419 2398 1546 2472 ordine
1612 2479 1615 2486 ,

368 2485 568 2595 ferundum,
594 2493 691 2592 quod
713 2513 827 2592 regno
850 2490 1091 2586 Babylonico,
1121 2489 1247 2566 ordine
1264 2499 1394 2590 primo,
1426 2496 1544 2590 proxi·

377 2609 436 2669 me
458 2589 624 2670 surceffiu
675 2588 784 2751 Ἡυοά
805 2608 889 2661 cum
911 2609 958 2658 ex
983 2587 1221 2677 superioribus
1236 2587 1278 2663 fit
1292 2611 1397 2683 quam
1410 2589 1544 2667 clariffi.

379 2708 505 2771 nrum,
543 2685 603 2756 hic
622 2683 695 2756 nih·
730 2681 871 2755 anobis
892 2679 1102 2773 requiritur,
1134 2703 1238 2775 quam
1257 2702 1299 2762 ut
1318 2683 1543 2779 difficultati,

381 2802 457 2874 que
473 2801 516 2854 ex
538 2778 642 2854 brevi
662 2777 766 2869 hujus
781 2777 880 2874 regni
896 2798 964 2869 qua
979 2773 1205 2852 Monarchiei
1221 2779 1409 2861 duratione
1424 2783 1539 2864 Histo-

380 2879 441 2950 riae
455 2896 530 2949 non
575 2875 654 2946 iane
676 2874 844 2966 imperito
865 2873 991 2968 sponte
1006 2872 1066 2949 sua
1078 2873 1321 2970 subnascitur,
1347 2905 1394 2958 ne
1408 2882 1484 2976 quis
1503 2882 1541 2957 in

380 2972 502 3048 limine
518 2897 700 3060 offendat,
726 2971 868 3046 obviam
884 2991 974 3048 eam.
1022 2971 1186 3070 Regnum
1202 2972 1337 3053 scilicet
1349 2979 1543 3056 Medorum

378 3069 465 3146 lieet
483 3089 547 3164 per
571 3065 845 3164 sesquisaecuium
865 3065 1024 3160 steterit,
1047 3068 1146 3145 &sui
1160 3071 1245 3166 iuris
1258 3074 1390 3166 fuerit,
1415 3099 1546 3173 excep*

266 3243 269 3250 ,
380 3179 421 3242 to
434 3165 643 3262 Scytharum
656 3165 691 3240 u
704 3163 985 3260 Babyloniorum
998 3165 1178 3262 dominio,
1203 3172 1264 3246 sed
1278 3171 1349 3250 hoc
1365 3176 1542 3250 brevioris

380 3263 573 3359 temporis,
614 3285 695 3339 cum
715 3285 790 3341 non
811 3263 874 3340 nid
895 3266 957 3341 sub
979 3263 1087 3344 finem
1106 3265 1416 3345 Nebucadnezaris
1437 3270 1541 3342 Medi

381 3361 543 3437 venerari
565 3361 727 3438 cominus
751 3361 940 3440 debuerint
960 3366 1004 3440 ad
1023 3369 1134 3439 breve
1155 3381 1293 3460 tempus
1313 3361 1539 3456 Maiestatem

251 3540 254 3548 ,
380 3453 711 3553 Nebucadnezaris‚
737 3462 781 3537 de
804 3485 875 3558 quo
888 3465 925 3539 in
941 3461 1120 3556 superiore
1134 3457 1371 3538 differtatione
1389 3463 1460 3562 agi:
1487 3477 1539 3540 at-

380 3569 498 3634 tamen
518 3557 597 3654 post
617 3557 782 3638 Babelem
804 3573 1013 3655 occupatam
1035 3561 1095 3635 vix
1110 3563 1242 3634 duorum
1257 3558 1420 3636 censetur
1433 3563 1539 3636 fuisse

381 3671 582 3742 annorum,
621 3669 698 3733 tum
726 3659 821 3754 quod
837 3661 941 3754 primi
962 3659 1043 3733 anni
1064 3656 1163 3731 Darii
1184 3655 1284 3730 Medi
1307 3674 1446 3735 tanturn
1473 3657 1536 3736 fiat

380 3750 525 3824 menno
539 3751 631 3824 Dan.
653 3775 703 3828 rx:
730 3779 761 3831 1.
784 3752 1426 3846 r:1.sedhocnecaffisfaciendum,
1452 3778 1535 3834 cum

372 3849 484 3943 plures
500 3869 572 3926 non
586 3867 761 3947 negentur
774 3851 875 3944 auoit
890 3864 967 3932 tum
979 3851 1076 3952 ‘quod
1089 3851 1189 3932 LXX
1202 3877 1376 3936 annorum
1389 3854 1534 3936 exilium

380 3976 414 4004 ··
459 3970 485 3984 ¹·
526 3966 536 3988 ²
1512 3973 1534 4029 a
