3462 4792
433 451 504 538 342
589 415 1433 540 ''eraserat-Troum.
1718 543 1719 546 Ν

434 649 495 723 47.
546 624 737 724 singularis
759 591 1210 714 bujns'fatihistoriaapuu
1223 599 1584 707 Jot'nltnssxnaa
1718 577 1719 580 ‘

436 725 526 816 5.&
560 748 576 801 1
596 723 712 796 Maec.
739 739 788 794 m.
815 739 890 791 non
908 728 1072 798 tautum,
1109 711 1168 784 led
1187 711 1222 784 ba
1244 711 1352 788 Diod.
1375 714 1432 787 Sic
1453 714 1491 788 in
1512 715 1587 793 Ex.
1718 729 1719 734 ‘

432 837 548 916 cerpt.
583 821 700 894 Vales.
725 839 760 912 p.
788 818 870 912 346.
895 813 962 888 &a
996 823 1167 884 narratur.
1227 809 1305 884 Hac
1328 805 1465 886 ratione
1481 813 1587 905 bestie

315 919 319 926 '
432 937 549 1017 corpur
574 919 611 994 in
640 913 711 1010 ipsa
734 911 965 1004 Metropoli,
1002 907 1062 982 ubi
1085 923 1233 981 cruenta
1258 908 1294 982 in
1318 909 1494 1004 populum
1516 911 1587 986 Dei

436 1017 579 1094 consilia
599 1013 678 1092 cusa
699 1012 800 1101 sunt,
824 1015 950 1106 ignem,
980 1004 1091 1079 etiam
1111 1005 1254 1097 proprie
1279 1002 1431 1094 areum,
1462 999 1604 1100 sensit,

432 1119 472 1191 ἂ
501 1113 679 1188 ulterioris
705 1110 815 1184 totius
843 1109 944 1203 regni
970 1101 1098 1177 excidii
1128 1121 1236 1175 omen
1269 1101 1451 1176 exhibuit:
1491 1107 1588 1197 quod

436 1213 534 1287 enim
566 1209 825 1304 metropolibus
849 1223 1041 1374 refnorum
1069 1199 1267 1309 contingit3
1301 1198 1388 1272 illud
1412 1199 1455 1273 ad
1477 1223 1586 1300 regna

436 1309 509 1405 ipsa
522 1309 752 1384 reserendum
766 1303 860 1390 else,
898 1313 1010 1396 ponte
1027 1295 1206 1370 elucescit,

488 1411 520 1495 §.
537 1413 676 1481 XLVII.
700 1401 810 1504 Quod
831 1397 944 1494 ipsum
958 1395 1044 1472 mihi
1058 1395 1094 1467 in
1110 1409 1266 1469 mentem
1282 1410 1431 1470 revocat
1446 1393 1586 1492 Babylo·

431 1509 512 1593 ¹tris,
538 1503 607 1574 boc
622 1499 695 1594 ipso
712 1516 875 1593 tempore
891 1497 1031 1592 penitus
1050 1491 1127 1564 fere
1143 1491 1326 1578 desolate,
1341 1489 1468 1567 satum.
1494 1493 1587 1596 Quae

433 1603 522 1674 urbs
546 1619 627 1672 cunr
651 1599 754 1690 primi
774 1595 893 1692 regni,
919 1592 967 1666 fic
989 1589 1072 1664 dieti
1089 1589 1334 1680 Monarchici,
1360 1589 1397 1662 in
1411 1589 1586 1686 Oriente,

431 1717 460 1772 a
480 1695 780 1771 Nebucadnezare
802 1690 958 1780 conditi,
984 1687 1078 1762 unde
1100 1685 1264 1760 succellio
1277 1707 1493 1783 regnorum,
1518 1689 1588 1766 lris·

441 1815 485 1868 ce
514 1799 551 1868 in
580 1790 669 1867 Visis
706 1786 949 1884 depistorum,
981 1783 1177 1878 repetitur,
1217 1784 1327 1857 fuerit
1352 1788 1585 1880 metropolis,

433 1887 706 1986 persequentia
728 1890 833 1962 etiam
859 1903 966 1980 regna
987 1881 1140 1955 eundem
1161 1878 1386 1975 conspertum
1408 1883 1586 1976 aliquare.

432 1988 539 2063 tione
562 1983 771 2073 retinuerit,
803 1981 899 2077 quod
921 1981 957 2054 in
979 1976 1066 2053 Dils.
1080 1999 1129 2052 rv.
1146 1982 1178 2068 §.
1197 1997 1255 2052 21.
1280 1977 1485 2072 observavi,
1511 1983 1588 2073 ejus

432 2081 565 2180 ‘utique
587 2083 707 2158 totalis
732 2083 855 2168 ruina,
889 2079 927 2154 in
948 2078 1039 2151 hanc
1060 2074 1248 2169 periodum
1275 2076 1463 2166 incidens,
1501 2077 1591 2158 licut

433 2183 527 2258 *iram
552 2181 624 2256 Dei
646 2181 761 2280 regnis
781 2179 847 2252 illis
870 2176 1136 2263 imminentem,
1151 2173 1211 2246 ita
1229 2195 1424 2272 regnorum
1445 2177 1590 2256 illoram
1644 2251 1649 2258 ,

432 2278 694 2356 succesfionem
718 2275 995 2364 terminandam,
1027 2271 1060 2345 δι
1085 2269 1221 2345 hostilia
1249 2271 1373 2365 populi
1395 2271 1464 2346 Dei
1484 2295 1594 2374 regna

332 2439 334 2442 .
433 2377 575 2476 pessum
596 2379 690 2453 itura
712 2377 801 2466 else,
825 2369 1086 2449 haudobscuro
1104 2369 1237 2444 indicio
1250 2370 1299 2442 ob
1314 2371 1440 2444 oculos
1454 2393 1592 2466 ponere

438 2478 570 2574 potuit.
621 2475 730 2578 Quod
749 2473 880 2570 aliquid
894 2468 1034 2547 roboris
1051 2489 1095 2542 ex
1111 2471 1224 2542 verbo
1239 2465 1456 2561 Propherico
1471 2473 1590 2568 acqui-

360 2619 366 2628 ·
434 2575 505 2650 rit:
530 2575 567 2652 in
593 2597 665 2669 quo
688 2573 870 2666 Babylon,
908 2572 1054 2662 ejusque
1081 2562 1290 2655 destruilio,
1320 2566 1416 2641 hunc
1445 2569 1592 2665 conspe

434 2669 536 2748 sium
560 2693 816 2764 nonnunquam
832 2670 917 2742 fert.
968 2663 1220 2740 Confideratur
1235 2665 1330 2740 enim
1345 2665 1404 2738 illa
1416 2667 1499 2740 urbs
1519 2685 1593 2746 tan·

435 2791 546 2859 quam
566 2768 727 2860 populo,
751 2767 785 2838 &
808 2785 921 2860 regno
943 2761 1034 2849 Dei,
1064 2763 1103 2836 in
1119 2761 1241 2856 primis
1262 2763 1444 2857 oppofita,
1474 2765 1509 2837 in
1532 2789 1592 2842 cu·

436 2863 496 2956 ius
520 2860 754 2937 destructione
781 2863 867 2937 salus
890 2858 1054 2932 Ecclesrae
1070 2857 1155 2947 sita,
1180 2860 1391 2953 &cumque
1405 2859 1592 2953 coniunen

439 2959 516 3051 est3
543 2959 708 3054 adeoque
731 2957 838 3032 instar
859 2955 945 3053 figni
964 2956 999 3030 δι
1018 2956 1238 3036 emblematis
1254 2955 1386 3034 hostilis
1399 2961 1591 3054 potentia,

435 3053 520 3152 ·'quae
534 3051 658 3152 populi
680 3054 750 3128 Dei
770 3035 992 3151 prosperitati
1007 3051 1172 3146 obeller,
1196 3055 1382 3131 tollenda:
1409 3059 1540 3153 quippe
1555 3061 1594 3140 in

436 3176 511 3250 qua
526 3175 596 3230 una
621 3153 712 3229 urbe
739 3153 891 3250 reliquas
909 3173 1065 3242 omnes,
1099 3155 1234 3248 populo
1257 3152 1329 3227 Dei
1356 3155 1592 3251 adversarias,
1714 3194 1719 3206 ·

437 3249 579 3328 ‘censeri
602 3252 799 3328 voluerunt
818 3251 1015 3346 Propheta.
1039 3251 1098 3327 Sic
1115 3249 1184 3346 Jes.
1200 3271 1282 3326 xxv:
1301 3271 1359 3341 a„
1385 3255 1422 3328 in
1437 3251 1619 3350 Prophe--

437 3352 492 3427 tia
513 3349 557 3425 de
578 3347 789 3428 liberatione
810 3347 1115 3443 EcclesraeaSyris
1132 3371 1197 3444 per
1213 3349 1456 3439 Maccabeos,
1483 3351 1592 3428 babe-
1688 3360 1691 3370 '

438 3450 484 3525 lis
508 3449 685 3526 excidium
708 3450 798 3525 banc
819 3449 928 3546 ipsam
952 3450 1000 3524 ob
1024 3449 1200 3524 rationem
1221 3447 1275 3521 his
1297 3449 1415 3522 verbis
1437 3452 1595 3528 celebra·

438 3560 523 3630 tur:
550 3553 627 3646 quia
641 3545 777 3645 posuisti
800 3550 910 3622 urbem
929 3553 967 3622 in
991 3550 1175 3636 tumulum
1201 3545 1350 3642 oppidum
1370 3553 1534 3623 munitum
1556 3555 1594 3624 r'rr

403 3649 417 3664 ’
440 3651 605 3735 ruinam,
643 3669 749 3719 arcem
767 3652 1036 3744 peregrinorum,
1067 3668 1106 3719 ne
1122 3639 1170 3737 fir
1193 3649 1339 3735 civitat,-
1377 3651 1413 3719 irr
1434 3661 1592 3722 aternum

442 3765 508 3816 nora
522 3739 758 3836 edificabitur:
783 3744 827 3817 ad
840 3765 946 3838 quem
965 3742 1085 3818 locunt
1102 3739 1403 3818 consulendusest
1415 3743 1470 3820 Cl.
1486 3743 1591 3822 Com·

442 3853 637 3917 mentator.
687 3839 895 3918 Concinunt
920 3841 1001 3915 loca
1020 3839 1161 3930 srmilia,
1186 3863 1262 3934 cap.
1284 3861 1384 3916 xxvr:
1409 3862 1446 3933 5,
1470 3845 1505 3932 6,
1533 3863 1597 3940 rr,¹

438 3930 571 4028 incidit
589 3956 678 4020 vero
701 3937 903 4038 Babylonis,
925 3939 999 4034 jam
1019 3951 1124 4022 antea
1136 3957 1203 4038 per
1217 3938 1396 4018 samaram
1410 3939 1591 4054 comitata

440 4053 443 4063 ’
901 4059 904 4072 ·
940 4075 955 4100 a
1085 4083 1088 4090 .
1473 4039 1586 4118 ammi·
