3462 4770
337 429 394 486 ru
441 340 1197 488 narratura-nanturra.
1264 431 1331 508 193

180 618 254 694 que
271 597 317 674 ad
341 599 498 677 Melliam
527 600 764 696 pertenentis,
787 599 820 673 dr
840 599 878 674 in
902 597 1263 691 Syro-Macedonibus
1288 615 1331 668 ae

183 695 324 794 Lagidis
345 699 559 788 defluentis,
584 700 627 772 de
649 720 721 790 qua
747 696 849 791 supra
867 701 943 794 egi,
968 697 1178 792 respondeat
1204 717 1237 766 a.
1253 713 1328 766 enr-

180 794 373 870 blematum
399 797 561 870 omnibus
585 797 763 889 partibus,
795 795 1002 868 &historiae
1033 794 1249 877 satisfaciat,
1284 803 1325 863 ut
1389 791 1395 798 '

178 888 359 986 sequentia
379 894 569 968 docebunt.
610 917 643 985 3.
669 892 812 986 reliquis
834 893 933 984 hujus
954 893 1033 964 libri
1056 891 1227 964 vaticiniis
1242 903 1324 980 apte

176 993 385 1066 conveniat.
441 989 531 1088 Qua
563 993 658 1063 enirn
680 989 725 1062 de
751 991 850 1086 regni
875 989 1068 1064 Alexandri
1095 986 1334 1068 divisionibus,

176 1105 255 1178 cap.
283 1107 369 1166 vur.
394 1087 428 1160 dr
450 1109 498 1160 nr.
525 1088 569 1158 de
598 1106 714 1159 cornu
743 1108 856 1178 parvo
880 1109 955 1178 cap.
983 1107 1051 1158 vrr.
1083 1087 1253 1158 &cornu
1279 1103 1326 1154 ex

178 1201 254 1253 uno
276 1203 469 1277 regnorum
490 1183 812 1256 Alexandrinorum
833 1199 917 1255 orto
939 1203 1016 1274 cap.
1038 1201 1122 1256 vrrr.
1148 1179 1326 1254 &Antio-

179 1275 250 1348 clru
278 1276 462 1368 Epiphane
482 1301 562 1369 cap.
587 1298 636 1350 ur.
662 1276 859 1362 habentur,
884 1277 974 1350 adeo
997 1278 1139 1368 aequalia
1159 1275 1260 1360 sunt,
1284 1286 1327 1346 ut

143 1389 158 1432 ··
179 1371 269 1446 nihil
291 1375 412 1468 magis.
472 1375 608 1447 Verum
634 1373 778 1465 quidem
806 1370 884 1460 est,
916 1374 952 1446 in
978 1379 1077 1446 unius
1101 1373 1220 1445 locum
1247 1391 1324 1466 qua·

177 1481 254 1540 tuor
278 1470 412 1543 censeri
444 1490 579 1544 cornua
600 1468 636 1542 in
659 1469 772 1542 Hirco
795 1467 981 1542 saccefflffe
1007 1491 1084 1562 cap,
1108 1489 1190 1542 vrrr:
1207 1470 1240 1542 8.
1265 1491 1326 1544 aa.

175 1583 260 1638 cum
283 1581 418 1658 quarta
439 1563 526 1640 serae
547 1569 650 1638 decan
672 1567 932 1662 adpingantur,
957 1567 1106 1640 totidem
1130 1585 1323 1660 regnorum

174 1661 414 1752 emblemata3
448 1685 525 1755 quae
552 1663 644 1738 haud
673 1666 801 1761 exigua
832 1665 973 1736 videtur
999 1664 1042 1736 ad
1074 1665 1222 1758 primurn
1246 1660 1322 1756 spe·

172 1759 265 1846 ciem
286 1757 514 1847 differentia,
541 1781 617 1854 quae
639 1758 736 1834 sorte
758 1761 859 1835 alicui
884 1783 1020 1834 moram
1049 1761 1206 1853 injiciat:
1239 1757 1323 1848 sed,

127 1908 137 1940 ,
172 1855 212 1928 re
234 1857 428 1930 accuratius
449 1857 649 1951 explorata,
675 1857 841 1950 quicquid
862 1857 918 1930 bic
939 1858 1083 1931 uidetur
1107 1855 1320 1932 difficultatis

173 1949 275 2026 sacile
295 1951 495 2052 evanescet.
548 1975 579 2026 r.
605 1953 811 2030 Communis
825 1954 848 2027 sr
863 1956 1024 2030 obtineat
1044 1955 1167 2048 opinio
1183 1954 1226 2026 de
1240 1976 1319 2049 qua-
1375 1989 1378 1994 ·

173 2061 247 2122 iuar
267 2050 408 2144 praecise
429 2050 566 2148 regnis,
592 2071 637 2123 err
650 2052 897 2132 Alexandrino
916 2054 1025 2139 ortis,
1058 2075 1123 2146 per
1142 2051 1216 2124 haec
1237 2071 1317 2125 cor-

170 2167 241 2222 nua
267 2150 546 2240 representatis,
571 2153 774 2242 quaternarii
798 2150 949 2221 nument
971 2150 1061 2222 ratio
1084 2149 1120 2221 in
1147 2163 1316 2240 promptu

171 2241 249 2331 est,
277 2244 469 2331 buniade,
495 2245 592 2335 quod
614 2259 672 2316 tot
691 2258 831 2316 tantum
851 2265 958 2338 regna
979 2243 1057 2336 post
1074 2243 1325 2318 Alexandrum:

170 2339 356 2434 surgerent
382 2339 422 2411 in
443 2340 519 2430 ejus
546 2339 723 2431 imperio,
757 2339 975 2429 repetenda,
1007 2338 1065 2410 sed
1092 2340 1130 2410 in
1156 2359 1202 2411 eo
1227 2359 1320 2429 quae·

172 2433 311 2524 tenda,
343 2434 440 2528 quod
471 2452 547 2510 tum
570 2439 759 2529 primaria,
791 2445 866 2507 turn
898 2434 1037 2527 ejusdem
1066 2434 1180 2529 gentis
1209 2453 1320 2526 regna

173 2532 233 2606 bic
266 2532 521 2628 intelligantur.
578 2530 688 2623 Cujus
717 2529 865 2623 duplicis
891 2530 1025 2604 criterii
1059 2529 1201 2626 velligia
1226 2527 1321 2602 baud

171 2625 319 2704 obscura
338 2627 469 2722 inipso
490 2641 588 2702 textu
602 2626 673 2702 sese
695 2625 866 2702 offerunt
916 2625 1080 2701 Psimada
1098 2647 1205 2724 regna
1218 2647 1318 2702 com·

172 2728 310 2819 paratio
326 2748 408 2802 cum
426 2735 564 2822 quatuor
578 2729 690 2798 uentis
703 2728 801 2814 caeli,
828 2724 949 2817 utique
966 2727 1211 2814 cardinalibus,
1237 2744 1317 2816 cap.

172 2831 251 2914 ritu:
280 2825 311 2898 8.
337 2825 491 2898 erhibet.
540 2822 698 2898 Eandem
720 2837 892 2920 gentem,
918 2821 991 2894 five
1014 2823 1186 2911 Graecos,
1210 2821 1317 2894 intel·

171 2919 251 3016 ligi,
273 2921 428 3014 Angelus
453 2922 560 2994 docet
583 2921 634 2996 vs
657 2943 716 2994 aa.
743 2921 803 2994 ubi
823 2921 859 2993 in
874 2919 977 2993 unius
993 2919 1106 3020 regis,
1134 2920 1195 2994 seu
1213 2919 1315 3016 regni

171 3013 237 3090 sub
265 3036 337 3087 uno
367 3038 479 3110 rege,
506 3017 629 3091 locum
651 3032 791 3113 quatuor
811 3016 897 3092 dicit
917 3015 1108 3092 constitura
1129 3039 1237 3114 tegna
1257 3043 1315 3092 urn

172 3137 212 3186 aa
231 3125 347 3207 genae,
372 3113 435 3182 vel.
449 3117 556 3204 gentis
582 3114 671 3204 ejus‚·
697 3113 1000 3210 adeoqueregna,
1024 3113 1199 3207 inquibus
1213 3115 1314 3190 Gens

173 3209 381 3282 Graecorum
414 3207 542 3299 primas
574 3219 726 3282 teneret.
820 3211 1088 3284 uernadmodum
1118 3213 1238 3303 itaque
1260 3214 1314 3284 de.

172 3330 239 3380 cem
264 3324 400 3379 cornua
424 3303 460 3376 in
482 3315 605 3395 quarta
625 3299 698 3373 scra
719 3302 785 3376 toti
833 3327 866 3376 tn
892 3326 1021 3399 regna,
1047 3307 1084 3380 in
1107 3307 1314 3379 Alexandri·

172 3424 224 3476 no
252 3400 443 3496 erigenda,
474 3400 511 3472 in
538 3419 668 3494 genere
694 3399 741 3471 ob
761 3400 882 3470 oculos
904 3415 1062 3488 ponunt,
1095 3423 1227 3486 rnarora
1250 3403 1314 3474 mi.

169 3519 288 3584 nora,
321 3496 389 3569 srve
410 3496 616 3577 Gtaecortrm
641 3493 714 3567 sive
737 3493 821 3567 alius
845 3495 984 3589 gentis:
1016 3493 1062 3566 src
1086 3495 1212 3571 hocin
1238 3495 1314 3570 viso

71 3663 75 3668 .
172 3611 307 3693 quatuor
336 3616 468 3668 cornua
498 3605 552 3666 tot
588 3591 668 3666 sore
692 3593 855 3688 primaria
886 3591 920 3664 dc
948 3591 1128 3684 originalia
1155 3592 1321 3683 ejusdem

170 3698 279 3790 gentis
311 3713 416 3788 regna
451 3687 656 3784 fignificant,
718 3687 807 3786 Quae
832 3701 969 3764 tanturn
999 3685 1093 3762 abest
1123 3701 1164 3761 ut
1193 3687 1312 3772 secum
1417 3765 1423 3776 ,

169 3804 350 3886 pugnent,
377 3805 415 3862 ut
436 3788 554 3879 potius
576 3787 635 3860 srbi
657 3787 773 3859 lucent
799 3801 1015 3860 mutuentur.
1066 3783 1230 3884 Quatuor
1252 3811 1311 3863 au.

45 3957 52 3962 .
168 3903 243 3964 tem
268 3887 325 3962 illa
345 3907 455 3988 regna
487 3905 519 3960 r.
535 3907 618 3961 mox
648 3882 727 3980 post
750 3883 939 3960 Alexandri
963 3899 1136 3978 mortem,
1161 3887 1195 3958 dr
1224 3886 1313 3960 divi.

696 3981 763 4059 Bb
996 4026 1000 4036 ,
1179 3981 1312 4063 nonen
