3494 4802
370 379 453 478 nni
545 361 1366 456 DrssltRTu‘rlouus

386 563 663 638 discurrentibus:
690 557 819 632 tandem
840 561 938 654 plone
954 551 1141 653 flacceffens
1162 552 1399 652 &putrescens
1417 549 1538 628 vermi.-

386 660 441 736 nm
462 657 568 750 instar
589 657 702 754 eusesc
715 658 900 752 pullulavit
915 657 1084 752 degeneres
1098 676 1189 750 reges
1207 669 1301 749 alque
1318 650 1539 748 priucipcsse.

385 757 564 834 unianimes.
592 753 891 830 ConcinitDion.
915 753 1093 828 Halicarn.
1114 759 1202 827 *Ante
1228 753 1263 825 1.‘
1288 775 1321 845 p.
1342 773 1374 825 2.
1425 748 1540 824 Mace.

389 858 506 930 donum
525 860 673 950 potentia
695 899 844 919 -----
870 875 942 925 mou
962 853 1001 922 ol
1015 848 1202 930 Alexandri
1219 853 1306 924 obitu
1323 859 1372 924 ἐπι
1393 847 1429 922 el
1445 858 1541 948 χεῖρον

388 956 594 1026 in'detcrlus
618 975 751 1048 vergere
776 955 879 1046 cepit.
948 946 1117 1037 Dislrnila
1145 955 1228 1022 enim
1253 952 1289 1021 in
1309 951 1426 1020 multos
1449 949 1543 1020 duces

273 1139 276 1144 ,
390 1054 430 1124 od
450 1052 518 1142 ejus
531 1049 626 1146 succo
655 1053 783 1137 oribus,
810 1047 853 1130 ἐξ
870 1044 939 1142 post
963 1051 1036 1122 illos
1060 1049 1101 1119 ad
1122 1050 1260 1120 alterurn
1276 1051 1452 1118 tertiamve
1467 1060 1544 1116 eto·

391 1149 455 1222 itm
472 1165 589 1243 puogrc
616 1172 663 1238 a,
697 1143 832 1227 deiende
849 1143 934 1226 lovi·
948 1149 978 1218 dl
1003 1151 1109 1226 ἑαυτῆς
1125 1148 1261 1240 ἐγένετο,
1296 1139 1427 1236 infirma
1439 1141 1545 1236 perse

392 1244 461 1342 ipsa
469 1243 565 1336 falla
580 1241 643 1336 cst,
668 1266 705 1316 oc
719 1240 872 1338 polioeno
890 1241 1049 1315 Romanis
1065 1239 1309 1336 ormissudlota
1326 1237 1370 1332 est
1397 1264 1412 1312 e
1431 1243 1546 1315 medio.

392 1345 449 1418 Sic
473 1343 506 1417 δι
529 1341 610 1416 Liv.
637 1342 659 1415 1.
683 1363 764 1417 xuv:
791 1363 826 1434 9.
877 1337 1094 1414 Macedonum
1109 1363 1245 1436 regnunt
1262 1340 1336 1412 inde
1351 1352 1452 1410 morte
1467 1337 1548 1411 Ale-

395 1442 516 1515 nandu'
534 1437 721 1532 dislcoilum
744 1443 780 1512 in
802 1441 907 1510 multa
921 1461 1048 1534 regno,
1073 1439 1148 1510 duno
1165 1435 1248 1530 adse
1262 1441 1393 1532 quisque
1409 1451 1480 1530 opes
1496 1459 1550 1508 ra·

391 1545 512 1636 piune,
544 1542 697 1622 laceratis
719 1538 858 1610 uiribus.
910 1535 986 1628 Ipsa
1008 1556 1147 1628 quoque
1169 1535 1302 1626 majora
1317 1534 1351 1605 ἃ
1366 1534 1551 1626 potentio·

397 1660 436 1711 ra
464 1657 571 1733 regna
591 1636 692 1725 vim,
730 1631 974 1728 virtutemque
997 1631 1120 1721 suam,
1164 1631 1266 1706 brevi
1292 1631 1554 1726 perdiderunt,

398 1736 518 1810 itaut
544 1731 695 1820 aliorum
715 1731 867 1826 potius,
909 1751 1012 1823 quam
1044 1730 1132 1816 suis,
1159 1730 1292 1803 viribus
1313 1725 1440 1804 statum
1461 1729 1555 1804 tuita

399 1832 478 1906 fiut.
541 1830 694 1924 Utique,
732 1827 812 1924 post
832 1829 981 1907 tertium
1003 1827 1263 1917 Ptolemaeum,
1294 1825 1432 1924 Lagidae
1454 1824 1553 1923 χεῖρον

401 1929 634 2002 incuteelen'oeo
662 1923 724 2000 ind
746 1935 865 2026 τρυφῆς
886 1923 1136 2021 διεφθαρμένοι,
1180 1928 1263 1997 mule
1292 1949 1428 2021 regnum
1455 1923 1556 2022 geffa-

401 2039 505 2111 runt,
531 2027 611 2097 luxu
627 2025 770 2120 perditi,
796 2021 885 2098 teste
908 2023 1021 2096 Strab.
1045 2023 1068 2096 l.
1096 2043 1181 2095 xvc.
1206 2045 1243 2116 p.
1273 2025 1378 2112 1146.
1433 2023 1556 2096 Seleu-

402 2121 488 2196 cidae
507 2136 726 2216 quantopere
750 2121 903 2208 fuerint,
931 2140 1018 2195 mox
1043 2117 1122 2216 post
1147 2119 1336 2194 Seleucum
1363 2117 1559 2210 Nicatore,

403 2221 510 2309 dein,
548 2223 652 2295 rebus
675 2221 719 2294 ab
746 2218 929 2294 Antiocho
958 2218 1010 2291 M.
1040 2215 1143 2290 initio
1170 2214 1384 2305 instauratis,
1416 2220 1459 2292 ab
1482 2221 1561 2314 ejus

405 2333 571 2414 tempore
590 2317 763 2393 debilitati
786 2313 956 2404 defundi,
982 2337 1028 2388 ex
1044 2312 1189 2389 historia
1202 2329 1329 2393 notum
1343 2313 1404 2388 est„
1440 2314 1563 2414 Quan.

405 2417 564 2494 dovero
585 2418 708 2506 &qua
731 2416 869 2490 ratione
892 2436 999 2511 regna
1020 2413 1098 2500 illa,
1128 2411 1194 2486 alia
1216 2412 1318 2487 citius
1342 2413 1408 2486 alia
1431 2414 1565 2508 serius,

405 2514 542 2612 pelium
570 2516 705 2588 iverint
734 2535 753 2586 a
781 2511 951 2585 Romanis
974 2511 1124 2604 partim,
1150 2511 1278 2607 partim
1305 2509 1481 2588 aParthis
1505 2516 1566 2588 ab·-

406 2613 545 2704 sorpta,
571 2609 634 2684 suo
656 2610 739 2682 loco
758 2629 947 2702 exponam.

456 2706 555 2780 XlV.
596 2704 764 2779 Tertium
796 2705 1013 2780 adtributum
1035 2703 1350 2784 charadieristicum
1371 2709 1406 2784 in
1429 2709 1564 2784 mutuis

409 2801 602 2900 conjugiis,
629 2801 755 2894 quibus
778 2821 879 2898 reges
901 2800 970 2888 illi,
997 2801 1123 2878 statum
1145 2805 1244 2880 tuum
1267 2803 1405 2882 firmare
1420 2805 1564 2898 conati,

409 2923 485 2978 non
503 2914 641 2975 tantum
665 2897 700 2970 id
721 2919 795 2974 non
818 2897 1040 2991 effecerunt,
1072 2900 1131 2975 sed
1153 2925 1174 2975 e
1196 2919 1323 2978 contra
1344 2906 1452 3002 magis
1466 2899 1564 2978 infir-

409 2993 785 3085 marunt,·s1tumest.
835 2995 944 3097 Quod
968 3001 1051 3089 luti,
1078 2997 1177 3075 ferro
1192 2996 1361 3092 admixti,
1387 3001 1568 3080 emblema

410 3099 461 3172 ob
489 3097 613 3172 oculos
635 3115 793 3189 ponere,
821 3095 963 3168 -Daniel
985 3098 1145 3192 expresse
1174 3099 1295 3174 docuit
1318 3101 1369 3176 vs.
1383 3124 1441 3192 43.
1470 3097 1570 3201 Quod

413 3191 529 3288 uidisti
545 3191 680 3289 ferrum
706 3195 834 3289 argillae
856 3191 1004 3288 millum:
1021 3193 1060 3292 sc
1084 3201 1259 3272 miscebunt
1263 3196 1390 3294 sencino
1404 3201 1542 3292 huorono
1551 3228 1568 3291 ,-

404 3289 465 3392 fed
485 3317 548 3368 uon
569 3295 881 3388 conglutinabantur
894 3292 1006 3388 secum
1029 3301 1190 3383 inuicem,
1217 3292 1306 3387 ficut
1319 3293 1456 3387 ferrum
1479 3293 1569 3388 testa

414 3417 478 3466 uon
504 3397 668 3466 miscetur.
725 3387 861 3490 Quibus
897 3393 1013 3465 verbis
1044 3415 1119 3468 non
1152 3393 1236 3464 illud
1267 3395 1344 3468 uult
1367 3395 1570 3492 propheta,

417 3494 483 3564 lutc'
503 3487 759 3566 admixtionem
781 3489 917 3564 nullum
943 3489 1067 3579 alium,
1094 3489 1151 3564 sed
1174 3491 1208 3563 δι
1229 3491 1323 3570 huuc
1346 3493 1476 3568 habere
1492 3493 1568 3570 sen.

418 3589 493 3662 sum
515 3587 722 3679 mysticum,
749 3607 820 3677 quo
845 3605 976 3662 mutuae
998 3608 1118 3684 regum
1140 3587 1282 3664 iiiorum
1298 3592 1567 3686 copulationes,

418 3683 460 3757 ad
478 3705 585 3779 regua
600 3681 790 3770 firmanda,
817 3683 1043 3759 dmrotantur.
1095 3682 1207 3759 Versu
1230 3688 1324 3760 enim
1339 3689 1569 3780 precedente

416 3781 460 3855 ad
483 3777 714 3887 fragilitatem
738 3780 823 3853 iilud
848 3779 1029 3854 manifeste
1053 3783 1234 3864 retulerat.
1283 3777 1568 3880 Addiditimque

418 3879 508 3956 hanc
531 3877 693 3954 mixture
716 3877 831 3953 luti&
853 3875 939 3953 ferri
961 3877 1269 3982 fignificationem,
1295 3905 1342 3958 ne
1357 3907 1398 3958 ea
1413 3885 1570 3981 neglige,

1446 3997 1568 4098 ῐθωΓί
