3514 4782
399 309 423 452 b
534 347 1356 441 DISSERTATIONES

360 644 364 654 ,
401 561 628 662 utrariffimum
647 567 820 640 turbinem.
871 559 952 636 Nec
972 559 1121 652 mirum;
1146 555 1222 655 Ipse
1244 557 1361 646 enim,
1387 563 1429 630 ut
1448 553 1558 632 Luce·

403 684 473 738 nus
494 663 518 737 l.
538 685 569 738 c.
590 662 680 738 vers.
703 684 760 756 30.
782 663 848 737 &e
864 661 977 734 canit:

500 857 627 958 Perque
641 857 742 952 Aflae
753 863 886 956 populor
893 856 985 950 fatis
999 859 1190 953 urgentibus
1203 854 1290 928 ailus

462 1023 469 1066 Ι
499 956 661 1030 Humana
682 956 872 1049 eumstrage
885 961 975 1040 ruit,
1000 956 1204 1045 gladiumque
1215 967 1273 1042 per
1287 971 1390 1026 omnen

499 1052 574 1125 Ere
599 1057 627 1146 it
643 1066 774 1148 genter:
801 1057 926 1148 ignotos
939 1052 1069 1122 miscuit
1084 1067 1194 1118 amnes
1443 1109 1447 1116 .

500 1077 678 1244 Paduam
694 1147 918 1242 Euphratem,
943 1144 1098 1219 Indorum
1104 1140 1271 1240 sanguiue
1287 1142 1447 1238 Gangem.
1556 1163 1561 1170 ’

506 1245 687 1319 Terrarum
694 1242 808 1334 fatale
822 1247 964 1333 malurn,
983 1237 1197 1333 fulmenque,
1222 1241 1419 1336 quadamuet

501 1337 693 1508 geraugzet
700 1346 829 1436 puriter
838 1343 991 1436 populos,
1018 1331 1161 1426 &sedus
1174 1340 1325 1430 iniquum

539 1442 607 1510 ami
666 1475 988 1506 ......
1314 1481 1319 1492 .

404 1625 473 1723 lpfi
493 1629 568 1722 ejus
596 1625 745 1719 milites,
771 1625 1046 1724 testeCurt.1vt
1065 1649 1121 1700 10.
1136 1627 1322 1720 aliquando
1340 1629 1450 1720 questi
1465 1629 1572 1726 sunt;

408 1730 445 1799 iu
466 1732 566 1800 unius
587 1728 724 1800 bominis
743 1726 952 1821 jurationem
979 1736 1027 1795 tot
1047 1727 1190 1834 millium
1201 1722 1400 1834 feeuguineur
1415 1732 1571 1826 impendi.

408 1822 477 1896 Sed
500 1845 568 1899 nec
596 1839 672 1898 erat
694 1823 957 1911 omittendum,
997 1819 1195 1915 Philippum
1222 1822 1285 1894 fibi
1305 1823 1342 1897 in
1362 1823 1498 1902 somnio
1515 1825 1571 1900 vi·

270 1991 274 2002 Α
409 1918 486 1994 sum
508 1919 611 1995 fuisse
624 1919 776 2015 figillum
798 1925 971 2015 inprimere
992 1931 1083 1990 utera
1104 1923 1237 2008 uxoris,
1264 1941 1347 1996 cum
1368 1922 1574 2000 Alexandro

408 2015 497 2090 esset
526 2016 688 2114 gravide,
713 2020 807 2115 eujus
825 2024 933 2112 image
957 2029 1028 2089 erat
1051 2013 1139 2106 Lea,
1178 2032 1220 2110 ut
1239 2017 1329 2092 Plut.
1350 2018 1388 2094 in
1408 2019 1511 2096 Alex.
1534 2044 1573 2116 p.

296 2119 302 2131 “
410 2113 494 2202 665.
515 2113 647 2206 refert,
664 2135 742 2190 *nec
762 2137 837 2190 non
853 2111 1004 2191 Tertuli.
1021 2111 1065 2186 de
1082 2113 1196 2188 anima
1210 2135 1286 2208 cap.
1300 2117 1361 2206 46.
1376 2138 1447 2210 quo
1464 2117 1575 2195 etiarn

413 2208 521 2299 facit,
554 2213 651 2304 quod
676 2214 713 2286 in
739 2234 887 2288 nummo
908 2209 1103 2284 Alexandri
1124 2209 1192 2284 Lea
1212 2209 1355 2302 vifitur3
1394 2228 1436 2287 ut
1461 2213 1575 2291 estin

414 2303 599 2382 Thesauro
625 2307 848 2386 Friderieiaaa
868 2309 918 2385 D.
940 2306 1051 2382 Liebe
1069 2329 1145 2402 cap.
1164 2331 1220 2382 rv.
1239 2307 1329 2383 Plut.
1345 2307 1382 2386 in
1396 2309 1575 2386 aliolibro

412 2402 457 2476 de
479 2401 577 2480 Fort
598 2406 701 2480 Alex.
722 2429 801 2506 pag.
823 2426 906 2502 335.
921 2404 983 2500 ipsi
998 2404 1145 2495 tribuit,
1169 2407 1336 2492 debriavit
1354 2414 1378 2512 a}
1394 2413 1576 2496 nataralia,

412 2503 514 2596 quale
540 2503 629 2597 ,quid
648 2505 716 2577 vel
741 2504 815 2598 ipse
847 2504 922 2593 ejus
957 2503 1074 2574 vultus
1101 2501 1252 2594 spirabat
1280 2501 1418 2576 Aeliam.
1448 2503 1496 2574 V.
1525 2504 1574 2580 H.

413 2619 495 2670 arri
522 2618 576 2684 14.
609 2630 637 2644 ·›

463 2695 496 2780 ς.
512 2689 612 2767 Vibi,
636 2691 723 2764 Haec
752 2693 838 2766 iicet
858 2691 1060 2776 emblemati
1081 2687 1268 2768 bestiamm
1289 2715 1334 2766 ex
1353 2693 1497 2771 sanioris
1512 2701 1584 2773 na·'

415 2803 505 2862 turae
527 2785 660 2862 dietatis
679 2785 882 2864 illustrando
902 2787 1095 2879 sufficiant,
1129 2787 1213 2880 quid
1233 2790 1361 2864 addere
1383 2809 1488 2869 vetat>
1503 2794 1577 2870 for-

417 2905 512 2960 mam
532 2884 729 2982 regiminis,
769 2895 837 2961 uar'
857 2886 965 2986 ὲξοχνὶν
987 2884 1275 2963 monarchicaml
1308 2911 1411 2982 quam
1433 2889 1470 2964 ei
1490 2889 1576 2988 dupe

418 2981 572 3078 adpellat
599 2983 685 3057 Plat.
710 2983 755 3056 de
783 2984 848 3084 leg.
873 3005 953 3059 111.
975 3007 1011 3078 p.
1033 2985 1115 3078 695.
1139 3003 1207 3075 qua
1228 2985 1361 3060 addiite
1387 2987 1578 3064 admodum
1641 3060 1646 3071 .

416 3085 654 3182 regnabantur
670 3081 813 3176 populi,
829 3096 870 3156 ut
883 3082 972 3156 nihil
987 3085 1147 3156 libertatis
1161 3081 1335 3176 reliquum
1353 3083 1458 3177 eiset3
1474 3110 1578 3182 quam

417 3183 595 3286 regiminis
616 3181 768 3256 formam
788 3182 847 3273 qui
869 3177 1043 3272 bestiarum
1065 3179 1191 3254 dixerit
1212 3203 1380 3280 regnum,
1414 3205 1490 3258 rem
1513 3181 1577 3257 suo

417 3285 564 3364 nomine
587 3281 685 3356 forte
709 3278 925 3374 expresserit.
977 3275 1149 3351 Homines
1171 3277 1292 3368 enim,
1329 3282 1387 3371 qui
1408 3281 1451 3349 ab
1470 3277 1575 3354 unius

417 3401 508 3462 nutu
533 3383 581 3456 ita
596 3375 786 3478 pleniffime
802 3375 978 3473 pendent,
1004 3390 1043 3449 ut
1056 3380 1180 3448 rationi
1196 3377 1230 3448 &
1245 3377 1391 3446 libertati
1405 3371 1484 3445 suae
1498 3375 1574 3448 nul·

349 3523 353 3530 ·
419 3487 472 3560 lus
493 3479 843 3576 relinquatur'locus,
869 3473 953 3567 quid
966 3475 1114 3546 caeteris
1128 3468 1361 3546 animantibus
1376 3469 1576 3565 praestent,

317 3655 328 3666 ,
420 3580 583 3672 equidem
606 3601 682 3652 non
704 3579 822 3652 video.
873 3573 972 3646 Haec
992 3581 1109 3642 tamen
1125 3568 1197 3641 fuit
1211 3563 1368 3658 ipsrffima
1382 3589 1576 3663 regnorum

420 3680 456 3750 in
478 3675 628 3748 Oriente
650 3676 829 3762 conditio,
854 3672 1124 3762 propterquam
1145 3669 1161 3733 ὁ
1182 3662 1318 3758 uepreude
1337 3665 1575 3754 abelmaula

422 3785 462 3848 ri
475 3775 627 3861 βασιλέως
650 3770 829 3866 induerem»,
856 3759 1032 3858 Persarum
1058 3756 1213 3856 Dyreasla
1225 3765 1319 3868 longe
1341 3766 1460 3855 aregis
1474 3773 1573 3836 nami-

420 3893 485 3962 ue,
523 3864 721 3946 Themistio
750 3868 851 3943 Orat.
877 3881 908 3934 1.
931 3883 966 3956 p.
993 3881 1049 3934 11.
1067 3857 1170 3933 venit
1191 3871 1231 3933 ut
1252 3860 1370 3938 muris
1390 3857 1574 4032 adfirffrare

423 3977 437 4012 ’·
1421 3979 1576 4055 poem,

1733 409 1736 514 ι

1732 547 1737 692 e
