3418 4754
421 325 492 404 ,94
589 280 1413 374 DissERTATIONEs

423 478 588 576 plendae,
614 495 696 570 quas
721 469 824 566 supra
839 469 966 558 citavi,
991 468 1185 561 pertinent.
1238 487 1274 556 4.
1300 465 1462 568 Regnum
1479 470 1575 546 Mes.

422 577 498 668 fiae,
524 577 594 650 live
620 570 810 647 Ecclesiam
834 571 936 662 ejus,
975 565 1172 664 depingunt
1193 562 1398 658 Propheta,
1430 571 1474 642 ab
1497 569 1575 664 iphr
1706 613 1707 630 .

425 677 501 768 ejus
515 671 714 769 primordiis
730 688 865 761 usque,
889 681 1053 758 tanquam
1069 660 1347 761 gloriosissimam
1364 668 1397 740 ἃ
1413 665 1576 761 prosper·
1706 639 1707 730 l

423 774 569 861 rimam,
593 789 701 844 omne
723 761 841 864 genus
855 763 978 850 bonis,
1012 785 1080 854 qua
1101 760 1364 856 Spiritualibus,
1399 785 1469 857 qua
1498 787 1576 840 cor·
1706 787 1707 796 .

423 871 566 966 poreis,
601 862 870 940 refertissimam.
896 860 948 934 Pl.
970 879 1057 946 reu,
1081 856 1350 951 Lxxil.'Jes.x1,
1375 882 1486 950 xxxv,
1501 883 1576 954 iiv,

423 989 483 1057 ux,
502 987 584 1042 exv.
610 962 695 1039 Hos.
720 983 808 1051 xru,
832 957 938 1032 Zach.
961 979 1052 1044 xiv,
1078 957 1163 1032 Mal.
1185 977 1262 1028 iii:
1280 977 1338 1029 20.
1364 957 1581 1053 &saepeali-

421 1067 471 1140 bi.
530 1083 565 1155 5.
592 1062 756 1153 Denique
780 1055 950 1142 Messias,
990 1053 1053 1129 sub
1076 1052 1153 1149 ipso
1177 1049 1260 1124 Filii
1284 1057 1422 1127 hominis
1447 1058 1574 1145 titulo,

422 1163 624 1236 celebratur
637 1177 801 1252 tanquam
819 1155 898 1243 cui,
923 1155 967 1228 ab
983 1150 1055 1248 ipsa
1070 1151 1286 1227 exaltatione
1303 1153 1437 1246 prima,
1464 1160 1574 1228 onnia

420 1258 635 1350 subjicienda
648 1257 725 1330 sint.
751 1252 803 1330 Ps.
818 1274 895 1325 viii.

472 1356 629 1448 §.XLlh
671 1353 770 1440 lias,
810 1347 1006 1441 similesque
1035 1346 1268 1444 prophetias,
1308 1345 1352 1420 ad
1374 1363 1574 1430 extremam

422 1455 522 1552 regni
545 1450 671 1526 Christi
693 1448 881 1546 periodum
905 1443 1036 1520 diresle
1060 1443 1258 1539 respicere,
1283 1444 1374 1519 initii
1396 1447 1575 1542 &reliqui
1645 1475 1649 1487 ·

422 1551 594 1648 temporis
617 1547 713 1624 nulla
734 1547 851 1622 habita
873 1544 1033 1633 ratione,
1067 1541 1187 1636 siquis
1208 1539 1442 1636 existimaret,
1471 1547 1498 1621 is
1515 1568 1575 1620 ve·

421 1649 609 1724 hementer
631 1648 821 1721 aberraret.
871 1666 903 1717 a.
928 1640 1022 1740 Quia
1048 1663 1131 1716 cuni
1153 1641 1255 1715 initio
1279 1643 1378 1738 regni
1399 1643 1574 1718 &Eccle-

420 1743 476 1818 siae
502 1743 783 1838 connesluntur:
810 1753 851 1813 ut
864 1741 1015 1836 plurima
1030 1739 1109 1812 loca
1127 1740 1232 1813 citata
1246 1737 1391 1815 docent.
1431 1745 1462 1816 b.
1477 1741 1573 1841 Quia

420 1841 652 1934 periodorum
668 1840 764 1912 nulla
778 1837 936 1910 occurrit
951 1839 986 1909 in
1004 1857 1116 1933 regno
1135 1835 1272 1909 Mesnae
1288 1834 1460 1914 distinuio
1477 1841 1571 1934 apud

417 1937 637 2031 Prophetas,
663 1935 724 2028 qui
746 1935 873 2008 eodem
896 1931 1032 2026 semper
1054 1949 1181 2008 tenore
1202 1932 1245 2006 de
1260 1954 1306 2008 eo
1328 1955 1439 2034 regno
1461 1936 1496 2010 in
1514 1959 1573 2034 ge.

409 2057 506 2114 nere
528 2035 736 2127 loquuntur.
787 2057 815 2106 c.
841 2030 935 2130 Quia
952 2031 1357 2124 temporaMaccabaica
1374 2055 1457 2109 cum
1476 2034 1569 2132 Reg·
1615 2061 1619 2066 ·

418 2155 468 2207 no
489 2130 616 2206 Christi
630 2132 916 2227 conjunguntur,
932 2127 966 2200 dc
981 2127 1079 2202 simul
1093 2130 1135 2202 ab
1153 2128 1276 2202 iisdem
1292 2129 1449 2226 gloriosis
1464 2132 1567 2206 adtri-

417 2232 536 2321 butis‚
561 2227 721 2322 respersu
744 2227 1000 2320 complementi
1020 2225 1056 2299 in
1080 2223 1235 2299 Ecclesia
1254 2225 1404 2318 Christi,
1439 2228 1565 2304 descri-

417 2328 573 2418 buntur,
607 2341 646 2401 ut
673 2325 777 2420 supra
802 2325 961 2398 vidimus.
1024 2323 1056 2398 d.
1082 2321 1220 2421 Quibus
1241 2323 1370 2420 aliquid
1392 2329 1565 2404 momenti

415 2427 513 2501 addit
540 2423 776 2509 universalis,
815 2424 849 2496 u
880 2421 945 2514 piis
974 2441 1146 2514 quoque,
1192 2421 1252 2513 qui
1282 2421 1564 2503 consolationem

415 2521 550 2598 israelis
572 2519 836 2618 exspeetabant,
864 2533 1006 2616 recepta
1027 2517 1172 2612 opinio,
1204 2540 1251 2591 ex
1275 2523 1389 2597 verbo
1411 2516 1564 2618 Prophe·

416 2621 491 2695 tico
515 2619 655 2706 hausta,
693 2618 737 2690 de
760 2636 873 2711 regno
894 2613 1049 2712 glorioso
1071 2637 1158 2689 mox
1176 2637 1196 2688 a
1217 2614 1345 2690 Messia
1372 2620 1562 2718 erigend03

414 2733 457 2792 ut
478 2718 590 2808 liquet
612 2738 658 2790 ex
680 2711 830 2788 Cantico
845 2712 967 2786 Mariae
983 2712 1016 2784 dr
1030 2711 1207 2786 Zachariae
1230 2713 1318 2788 Luc.
1338 2737 1379 2806 1,
1405 2729 1562 2795 necnon

415 2834 460 2885 ex
483 2812 586 2886 variis
606 2811 692 2886 locis
715 2809 1012 2906 Euangeliorum3
1039 2809 1197 2885 omnium
1215 2812 1401 2888 clarissime
1422 2836 1466 2890 ex
1479 2815 1560 2893 Ast.

417 2930 450 2984 1:
468 2913 503 2984 6.
530 2910 590 2984 uhi
612 2905 691 3004 post
713 2907 821 3002 ipsam
838 2905 1132 2981 resurrectionem
1154 2905 1278 2980 Christi
1300 2909 1416 2985 adhuc
1436 2928 1563 3012 rogant

414 3003 611 3100 Discipuli;
646 3009 742 3080 illone
765 3018 902 3100 tempore
923 3001 1223 3099 instauraturusfit
1245 3029 1382 3102 regnum
1402 3009 1563 3106 Israelis?
1586 3019 1589 3024 ’

414 3125 489 3180 non
512 3103 697 3192 terrestre,
724 3105 825 3198 quale
845 3101 956 3194 Judaei
979 3103 1134 3177 carnales
1150 3105 1343 3193 volebant,
1369 3105 1428 3180 se'd
1445 3111 1480 3183 in
1499 3111 1563 3184 hac

413 3219 510 3277 terra
524 3200 738 3299 gloriosum,
766 3202 867 3294 quale
883 3197 1045 3274 Messinm
1063 3201 1251 3276 exaltatum
1268 3201 1429 3280 decebat.
1452 3231 1480 3282 e.
1495 3207 1563 3283 Ac·

412 3301 508 3376 cedit
538 3300 719 3394 denique,
762 3297 928 3391 judicium
959 3295 1029 3368 Dei
1060 3297 1095 3372 in
1124 3297 1239 3374 hostes
1259 3297 1447 3393 Ecclesiae,
1480 3327 1564 3380 mox

412 3398 506 3470 circa
529 3399 677 3492 primani
700 3395 835 3474 Messiae
849 3391 1171 3470 manifestationem
1186 3399 1452 3492 exercendum,
1478 3425 1563 3479 con·

412 3494 505 3568 nesii
525 3495 579 3567 vel
599 3493 802 3588 permisceri
816 3513 896 3566 cum
912 3494 1038 3566 ultimo
1055 3493 1088 3566 dr
1104 3493 1293 3569 universali·
1305 3495 1451 3589 judicio.
1470 3498 1560 3594 Joel.

414 3613 493 3668 rii:
513 3616 547 3684 3.
573 3593 660 3666 hlal.
690 3595 931 3681 111218,19.
963 3590 1093 3664 Matth.
1119 3609 1298 3686 xxrveup.
1351 3593 1457 3670 Unde
1478 3613 1560 3672 nata

265 3727 267 3732 ·
409 3688 479 3762 fuit
501 3689 650 3800 opini0,
687 3689 859 3783 judicium
880 3687 1015 3761 Mesfiae
1038 3687 1075 3760 iii
1099 3685 1238 3783 Judaeos
1264 3690 1435 3781 rebelles,
1463 3697 1560 3788 quod

407 3785 559 3862 Romani
583 3787 740 3862 exsecuti
763 3791 863 3878 sunt,
889 3807 969 3862 euni
993 3785 1148 3864 adventu
1173 3791 1247 3884 ejus
1261 3788 1304 3863 ad
1319 3811 1466 3890 regnum
1482 3787 1558 3888 glo'.

1421 3890 1554 3968 riolum
