3494 4802
315 419 316 422 ‘
423 405 492 484 aar
559 399 715 512 prs
747 395 1408 510 sacrationes

426 588 543 660 dabilis
572 585 805 674 describitur,
827 585 971 665 minime
994 585 1153 680 haerebit.
1202 579 1331 662 Hostes
1350 584 1445 660 enim
1469 587 1578 664 tanta‘

425 687 559 757 virtute
582 683 613 756 δι
637 683 905 776 praestantillrmo
925 685 1055 757 robore
1069 681 1241 776 praediti,
1268 705 1326 776 qur
1341 701 1460 756 omma
1476 681 1567 754 subr-

424 794 534 876 gunt‚
560 779 749 854 vastant&
773 779 1023 874 prosternunt3
1049 781 1108 872 qui
1133 777 1208 850 fieri
1232 778 1366 872 pollet,
1393 781 1478 872 quin
1493 777 1570 851 om'·

423 878 526 949 nibus
553 877 619 949 srnt
654 877 814 950 terrori?
865 875 988 948 Clades
1016 875 1212 962 Thebana,
1252 890 1324 948 tam
1348 873 1567 968 improvisa,

378 1006 387 1033 ·
415 973 495 1046 'tam
518 973 714 1064 horrenda,
740 991 863 1048 omnes
891 973 1034 1046 Graecos
1073 973 1223 1059 ἐξέπληξε
1251 975 1421 1066 perculit,
1453 970 1568 1063 inquit

414 1063 617 1158 Arriani.
648 1093 756 1163 pao.
783 1085 823 1144 ut
846 1069 880 1140 dt
904 1068 1106 1143 Alexander
1127 1069 1218 1162 apud
1243 1067 1388 1140 Lucian.
1416 1067 1495 1142 dial.
1512 1065 1567 1140 M.
1674 1067 1679 1074 '

364 1253 366 1258 ι
424 1183 492 1240 xi.
519 1190 595 1262 pag.
615 1171 694 1244 288.
750 1167 791 1239 ln
819 1167 930 1258 prima
953 1165 1196 1238 Macedonum
1220 1185 1440 1260 pugnatum
1464 1161 1571 1236 Persis

418 1260 538 1354 ·Joniae
556 1263 740 1356 praefebbus
755 1263 1017 1355 Spithrobates,
1043 1259 1244 1336 fortillimus
1260 1264 1332 1348 vir,
1359 1259 1451 1332 rena
1466 1261 1571 1353 petiit

419 1360 688 1450 Alexandrum,
715 1376 780 1446 ut,
805 1359 829 1431 sr
850 1358 928 1431 lieri
949 1357 1091 1454 pollet,
1115 1356 1231 1430 Asiam
1253 1379 1273 1428 a
1295 1362 1446 1430 maximis
1470 1372 1572 1428 terro·

424 1458 515 1526 ribus
541 1459 712 1542 liberarat,
749 1473 788 1529 ut
811 1453 923 1528 refert
945 1456 1093 1530 Diodor.
1119 1454 1186 1526 Sic.
1209 1454 1230 1526 l.
1252 1455 1359 1526 xvtr.
1386 1475 1462 1550 pag.
1486 1475 1570 1541 502.

424 1549 547 1624 Tanto
578 1553 649 1640 jam
677 1553 715 1625 in
738 1553 914 1647 principiis
944 1571 1081 1626 terrore
1107 1550 1259 1642 correpti
1292 1565 1392 1622 erant
1415 1549 1572 1642 populi,

426 1668 499 1736 quo
524 1643 652 1721 fabium
670 1644 742 1737 est,
766 1665 806 1720 ut
823 1645 1009 1740 'pr'aefedlos
1042 1648 1137 1720 Darii
1159 1659 1310 1720 nontam
1331 1653 1452 1732 armis,
1476 1667 1571 1740 quam

428 1755 549 1816 terrore
569 1745 707 1816 nominis
719 1741 780 1837 sut
803 1749 945 1832 uicerit,
970 1741 1056 1838 Just.
1080 1764 1137 1817 xr:
1154 1746 1186 1815 6.
1212 1741 1276 1835 ipsr
1299 1764 1439 1836 quoque
1460 1741 1573 1816 Dario

426 1854 531 1911 aretur
555 1859 596 1911 ac
619 1840 935 1914 terror'Alexandri
952 1841 1023 1934 jam
1043 1840 1208 1913 diu-ante
1231 1841 1394 1914 ultimum
1416 1840 1576 1932 praelrum

427 1930 607 2024 insederat,
631 1935 769 2010 Arrian.
795 1936 917 2011 l.111.
943 1957 1019 2031 pag.
1040 1958 1118 2025 124.
1153 1933 1296 2025 Postea,
1324 1958 1403 2010 cum
1419 1938 1575 2012 Alexan-

300 2085 303 2092 .
429 2030 493 2102 der
516 2030 586 2104 sese
616 2033 744 2124 ubique
774 2033 933 2106 tuoruum
959 2029 1243 2118 demonstraret,
1277 2033 1574 2124 quemadmodum

429 2138 517 2198 lotus
540 2128 635 2201 orbis
660 2129 696 2202 in
726 2123 841 2222 Ipsum
871 2131 994 2204 oculos
1020 2131 1154 2220 conjecit
1168 2154 1182 2218 ‚-
1220 2143 1259 2200 ut
1282 2130 1395 2222 inquit
1419 2130 1575 2212 Anaxar-

426 2221 516 2296 'chus
542 2225 634 2316 apud
662 2225 753 2304 Plut.
781 2226 818 2299 in
840 2227 941 2301 Alex.
967 2247 1043 2322 pag.
1073 2227 1154 2315 694.
1183 2221 1228 2296 src
1257 2239 1359 2296 metus
1383 2223 1425 2298 ad
1449 2243 1579 2308 omnes

430 2321 527 2406 orbis
555 2322 709 2414 populos
739 2319 911 2416 pervasit,
944 2345 1016 2413 quo
1044 2319 1172 2394 fadlum
1199 2319 1269 2407 est,
1302 2333 1341 2394 ut
1362 2323 1480 2394 cenna
1499 2323 1579 2418 geis-

430 2431 478 2490 tes
500 2421 606 2491 veluti
625 2417 781 2511 destinato
794 2417 859 2512 fibi
879 2427 949 2514 regi
976 2417 1108 2492 fuerint
1123 2417 1286 2504 adulatae;
1311 2435 1353 2492 ut
1370 2420 1474 2493 tradit
1487 2419 1576 2514 Just.

429 2531 512 2589 xri:
540 2537 594 2608 13.
653 2515 759 2603 Cujus
783 2516 949 2590 indicium
978 2517 1204 2607 prebuerunt
1229 2513 1448 2608 legationes,
1475 2519 1578 2592 undi-

430 2631 565 2702 quaque
589 2631 635 2684 ex
657 2609 798 2701 Europa
821 2611 855 2684 A
876 2609 997 2704 Africa
1016 2609 1059 2684 ad
1081 2611 1318 2684 Alexandrum
1338 2612 1463 2699 milla,
1489 2637 1576 2708 quas

427 2703 514 2776 ibid.
547 2701 707 2782 recenset
727 2703 899 2796 Justinus,
929 2726 1000 2806 nec
1027 2728 1099 2778 non
1122 2707 1230 2781 Diod.
1267 2705 1333 2780 Sic.
1357 2710 1379 2780 l.
1406 2717 1510 2785 xvrr.
1535 2715 1575 2806 p'.

432 2817 515 2890 579.
541 2802 601 2891 qui
613 2797 745 2894 scopum
763 2801 984 2894 legationum
1006 2803 1112 2885 etiam
1129 2803 1294 2898 exponit,
1321 2805 1445 2896 partim
1462 2817 1573 2892 utre.

431 2896 466 2990 gi
488 2895 766 2990 gratularentur,
791 2899 919 2988 partim
943 2917 984 2972 ut
1007 2907 1135 2972 coronas
1159 2899 1355 2989 offerrent,
1382 2905 1503 2994 partim
1528 2921 1574 2982 ut

299 3046 306 3052 .
432 2992 620 3064 amicitiam
649 2991 681 3064 u
708 2989 827 3098 fgdur
857 2993 1067 3071 sancirent·
1109 2995 1274 3070 Testatur
1297 3020 1438 3092 quoque
1462 3001 1502 3074 iis
1524 3001 1572 3074 de

352 3127 354 3131 ν
429 3085 665 3182 legationibus
692 3089 829 3163 Arrian.
861 3090 885 3164 l.
907 3114 990 3166 vrr.
1024 3116 1059 3186 p.
1089 3115 1169 3186 294.
1202 3095 1259 3168 sed
1288 3093 1452 3168 Romanas
1478 3101 1573 3174 cxci.

347 3217 349 3222 ·
429 3183 506 3278 pit,
532 3199 607 3258 tum
628 3185 722 3279 quod
744 3186 918 3280 principes
943 3189 1025 3264 vitae
1047 3189 1237 3264 Alexandri
1257 3191 1473 3284 Scriptorum
1506 3206 1569 3270 eo.
1650 3189 1655 3194 ’

430 3289 509 3356 lum
537 3303 610 3358 non
636 3283 890 3373 meminerint,
923 3300 998 3358 tum
1026 3289 1119 3379 quod
1144 3310 1163 3360 a
1192 3291 1296 3362 rebus
1323 3287 1569 3372 Romanorum

428 3375 499 3454 hoc
528 3379 679 3456 alienum
708 3379 876 3456 videatur.
939 3381 992 3456 Ex
1019 3381 1167 3476 Polybio
1200 3405 1286 3457 vero
1312 3377 1389 3458 111.
1427 3397 1504 3484 pag'.
1532 3413 1568 3481 3.

430 3475 687 3573 pugnacillrmas
712 3475 861 3570 Europae
882 3481 1044 3554 nationes
1064 3483 1169 3554 etiam
1193 3496 1346 3555 exemtas
1368 3482 1483 3568 fuille,
1515 3489 1568 3558 vi-

428 3573 531 3646 detur
556 3573 817 3670 colligendum,
845 3597 925 3648 cum
946 3598 997 3649 ear
1020 3601 1059 3648 rte
1080 3579 1204 3672 quidem
1223 3593 1315 3650 notar
1329 3575 1433 3676 furffi
1457 3580 1569 3658 Mace·

427 3671 559 3741 donibus
582 3669 711 3762 adjerit.
767 3668 873 3786 Quod
905 3670 966 3746 suo
990 3674 1072 3745 loco
1100 3673 1272 3766 relinquo.
1329 3676 1417 3748 lllud
1447 3679 1566 3768 addo,

429 3781 549 3838 terram
568 3788 672 3838 coram
694 3767 757 3858 ipsi
772 3763 917 3862 felepa,
943 3791 1009 3842 nec
1030 3768 1143 3864 pipire
1158 3791 1369 3864 quemquem
1385 3772 1485 3846 Arille
1506 3797 1566 3851 au-
1707 3825 1723 3849 e

334 3971 339 3980 Ι
426 3861 740 3974 summerseta,
769 3864 920 3940 1Macc.
951 3887 982 3944 1:
1008 3889 1042 3962 3.
1280 3907 1327 4057 ·§
1366 3929 1428 4042 Ul
1473 3963 1510 4040 T

1261 3997 1266 4004 ·
1329 4019 1338 4040 .
1432 4018 1442 4038 .
1510 3986 1564 4043 er·-
