3418 4754
315 393 1172 522 ii,rrn'riciirinoniriuiis.¹
1247 449 1333 541 gu.

169 653 256 706 cum
284 629 434 705 Ecclesia
458 633 679 722 Maccabaica
700 655 780 709 cum
804 631 966 708 universa
987 633 1211 707 Oeconomia
1226 631 1316 706 anti·

56 769 60 774 ·
165 753 241 823 qua
263 751 489 805 communem
514 733 660 821 nabent,
698 756 765 826 qua
787 733 924 806 ratione
942 753 983 804 ea
997 731 1039 804 ad
1053 735 1130 805 eam
1148 732 1183 804 in
1198 728 1314 822 specie

163 827 377 915 ecclesiam,
405 825 464 901 seu
487 851 635 926 regnum
662 828 729 902 Dei
747 845 831 903 tunc
846 830 1018 922 temporis
1033 827 1313 914 manifestarum,

161 925 398 1094 restringatur
425 926 693 1020 &adplicetur,
725 942 765 1000 ut
790 928 846 998 hic
874 929 1035 1014 obtinet,
1066 923 1315 1020 explicandum

159 1021 333 1115 supere.
385 1021 471 1119 Quo
493 1021 554 1094 lini
575 1024 617 1096 ad
637 1022 792 1110 animum
813 1024 978 1097 revocari
999 1023 1107 1096 velim
1146 1021 1315 1095 al'erio·
1414 1104 1421 1128 .

161 1121 254 1194 dum
276 1122 364 1193 lianc
381 1118 479 1191 fuisse
495 1119 588 1192 istius
608 1121 841 1194 Oeconomiae
853 1123 1030 1206 ultimam,
1057 1141 1132 1210 quae
1148 1137 1213 1211 per.
1227 1137 1316 1189 con·

122 1215 123 1220 ’
161 1216 335 1310 sequens,
362 1219 405 1289 ab
430 1238 470 1288 ea
493 1216 797 1290 consummatione
821 1217 1003 1308 proxima,
1036 1237 1113 1288 eam
1128 1212 1241 1288 subire
1259 1233 1314 1284 re·

162 1313 223 1386 {te
248 1313 387 1386 dicitur.
436 1311 556 1411 Quare
580 1313 727 1407 phrasis,
759 1317 871 1385 ultimi
893 1319 1060 1406 temporis,
1096 1312 1130 1382 dt
1148 1308 1231 1403 finis
1250 1312 1322 1383 dia·

161 1402 262 1498 sum,
290 1433 364 1483 non
380 1409 586 1502 infrequens
599 1412 692 1504 apud
707 1410 918 1505 Prophetas,
939 1410 983 1481 de
998 1409 1062 1483 hac
1075 1407 1148 1501 ipsa
1161 1405 1314 1500 periodo

160 1507 326 1598 usurpari
354 1508 466 1581 solet:
508 1524 547 1580 ut
570 1507 628 1579 vel
654 1529 699 1580 eii
724 1508 793 1580 hoc
816 1505 892 1600 ipso
911 1507 1137 1580 LibroDan.
1161 1505 1309 1579 constat.

158 1609 202 1693 β.
228 1603 327 1676 Hanc
349 1603 455 1696 ipsam
478 1605 663 1698 periodum
680 1603 780 1676 fuisse
798 1605 957 1677 omnium
974 1601 1249 1690 illustriffimam‚
1276 1601 1310 1674 dc
1366 1609 1374 1624 “

157 1697 465 1794 persedillimam,
498 1724 564 1794 qua
579 1701 801 1774 Oeconomia
817 1717 919 1773 vetus
935 1701 1103 1772 summam
1124 1698 1216 1773 suam
1233 1701 1308 1774 vim

158 1798 345 1886 exseruit,
372 1798 406 1872 dc
428 1798 464 1870 in
486 1799 584 1872 omni
602 1800 725 1894 vigore
740 1819 780 1870 ac
795 1797 1025 1889 amplitudine
1042 1796 1075 1869 se
1091 1794 1308 1888 conspicien-

158 1896 245 1970 dam
271 1898 438 1988 prebuit3
476 1895 548 1968 five
570 1898 612 1968 ad
634 1895 812 1992 religionis
836 1892 1079 1988 splendorem,
1118 1893 1306 1967 &enerci-

155 1995 253 2090 tium
275 1991 418 2065 fervens
439 2013 479 2064 ac
502 1991 683 2079 constans,
718 1991 789 2065 five
809 1993 852 2064 ad
875 1990 1121 2086 promissorum
1139 1991 1308 2067 Oecono-

155 2093 242 2186 miae
259 2089 340 2161 Ver.
359 2088 685 2164 abundantillimum
704 2091 992 2182 implementum,
1019 2087 1176 2180 resperni
1190 2090 1306 2182 pacis,

154 2185 423 2284 prosperitatis,
450 2185 595 2258 dominii
617 2187 856 2278 &potentiae,
882 2185 1206 2276 multiplicationis,
1228 2187 1305 2259 lon-

153 2283 354 2381 gaevitatis,
381 2281 415 2354 dt
435 2280 596 2356 similium
620 2281 791 2372 respicias.
841 2281 936 2354 Huic
954 2282 1071 2372 itaque
1087 2281 1234 2372 periodo
1249 2281 1307 2354 ad·

157 2375 474 2456 commodatissima
496 2395 571 2451 erat
591 2376 857 2450 consummatio.
915 2407 950 2470 y.
978 2377 1132 2448 Ad·haec
1148 2379 1304 2468 accedit,

153 2475 349 2572 periodum
373 2476 462 2547 banc
485 2475 642 2569 quaedam
666 2472 846 2570 srngularia
860 2471 1035 2560 habuisse,
1061 2495 1136 2568 quae
1150 2495 1231 2546 cum
1246 2476 1305 2551 illa

155 2572 466 2649 'consummatione
491 2570 619 2646 arelius
635 2572 871 2645 cohaerebant.
922 2567 1083 2644 Fuerunt
1098 2571 1193 2646 enim
1209 2573 1243 2644 in
1261 2595 1304 2648 ea

160 2667 326 2744 'raeludia
351 2669 507 2763 quedam
531 2669 865 2755 consummationis,
910 2666 970 2740 seu
993 2682 1119 2742 tenues
1145 2669 1304 2761 quadam

153 2693 350 2868 dricturae,
384 2771 513 2862 partim
538 2766 632 2861 quod
657 2764 905 2840 consummatae
930 2763 1093 2839 Ecclesiae
1114 2765 1302 2864 imaginem

152 2867 369 2962 prebuerit,
396 2866 520 2959 partim
544 2864 638 2958 quod
655 2865 730 2957 ejus
750 2861 913 2957 quasdam
931 2879 1066 2954 partes,
1089 2863 1174 2937 licet
1189 2866 1302 2940 mino.

152 2985 198 3036 re
228 2961 406 3054 emphasi,
445 2963 660 3055 praetulerit,
698 2963 735 3035 iii
769 2983 881 3056 regno
907 2959 1036 3032 Meliiae
1061 2957 1301 3053 perficiendas.
1353 2956 1355 2965 '

154 3055 298 3158 Quibus
318 3057 511 3131 adnumero
535 3080 615 3132 cum
630 3058 780 3133 formam
796 3057 995 3153 regiminis,
1021 3079 1098 3150 quae
1115 3059 1158 3131 ad
1173 3063 1300 3156 Serapa.

155 3162 228 3230 clai
250 3151 471 3226 Theocrari'am
493 3156 639 3245 propius
659 3155 868 3240 accedebat,
904 3171 978 3227 tum
1002 3155 1180 3249 religionis
1199 3178 1299 3231 exer·

156 3251 284 3327 citium
305 3251 342 3324 in
362 3248 572 3344 synagogis,
605 3251 661 3321 cui
685 3251 876 3341 spiritualis
895 3249 945 3323 N.
969 3247 1014 3319 T.
1039 3253 1152 3324 cultus
1174 3251 1300 3330 restius

155 3349 355 3434 convenit,
379 3363 454 3419 tum
478 3346 648 3419 Gentium
665 3367 728 3438 per
743 3343 1022 3435 proselytismum
1038 3344 1297 3442 admissionem,

153 3445 286 3544 longe,
325 3465 427 3537 quam
459 3458 589 3528 antea,
621 3441 900 3534 frequentiorem
927 3440 959 3511 dc
984 3441 1299 3539 abundantiorem

154 3559 234 3620 tum
259 3541 412 3636 denique
437 3542 608 3633 majorem
635 3540 847 3637 cognitionis
862 3536 1086 3610 &donorum
1101 3537 1248 3630 Spiritus
1263 3545 1298 3618 S.

155 3645 311 3734 copiam.
360 3639 468 3738 Quae,
501 3641 535 3714 dc
560 3660 710 3732 quorum
733 3633 871 3722 similia,
898 3633 933 3708 in
955 3655 1065 3730 regno
1080 3631 1207 3708 Christi
1222 3659 1300 3730 per.
1364 3643 1368 3651 '

156 3735 329 3825 sicienda,
354 3757 433 3810 cum
455 3737 525 3828 jam
551 3737 586 3808 in
611 3732 763 3808 Ecclesia
788 3731 1010 3806 Maccabaica
1034 3731 1152 3806 locum
1168 3733 1299 3809 habue.
1359 3754 1362 3762 ¹

155 3835 252 3925 'rint3
278 3834 311 3906 ei
327 3831 419 3905 rede
438 3835 471 3908 di
487 3849 569 3925 apte
584 3833 795 3908 adtribuitur
812 3831 886 3904 haec
901 3827 1179 3920 consummatiO,
1193 3854 1297 3948 quam

153 3930 279 4027 lapidis
302 3930 340 4008 iri
352 3947 512 4009 montem
528 3935 677 4010 mutatio
696 3929 868 4024 depinxit.

671 4029 761 4106 libb
786 4049 806 4124 3
1118 4029 1151 4118 §.
1170 4026 1298 4104 XXIX.
1397 4119 1399 4124 ¹
