3462 4792
310 379 777 464 rannulcluln
821 385 1154 469 onu1unls.
1220 410 1299 490 *31¹5

160 563 426 656 damnificetur,
451 549 646 660 Republica
662 590 743 644 cum
763 568 1159 668 Religioneinllaurata.
1200 567 1297 642 Mae·

17 745 18 760 ἶ
160 667 263 740 cabaei
284 666 422 756 itaque,
455 686 543 757 quos
564 663 736 740 Psalmista
756 690 882 740 ramum
905 669 985 742 vitis
999 671 1295 757 obumbrantem,

17 769 18 774 ’
155 759 260 842 filium
282 763 412 836 dextrae
434 758 524 849 Dei,
549 784 620 854 quo
640 763 790 857 populus
806 768 849 838 ab
863 763 1019 839 hostibus
1034 765 1294 850 vindicaretur,

153 859 188 932 dr
215 859 320 954 Resp.
341 879 423 932 cum
447 857 600 932 Ecclesia
622 859 850 950 fundaretur,
876 863 1051 954 adpellat,
1079 863 1136 936 hic
1152 862 1293 954 lapidis,

151 976 196 1030 ex
220 978 307 1050 rupe
330 955 496 1029 divinitus
518 954 642 1043 excisi,
681 957 889 1034 &Statuam
912 957 1188 1056 confringentis,
1221 977 1291 1032 em·

151 1053 304 1128 blemate
328 1074 431 1147 quam
446 1049 612 1142 aptillime
628 1053 790 1129 veniunt.

198 1153 230 1239 §.
246 1148 324 1222 Xll.
376 1169 396 1240 3
423 1146 591 1238 Impulsus
615 1145 754 1241 Lapidis
779 1150 816 1222 in
838 1151 944 1240 pedes
961 1148 1109 1236 Cololli,
1142 1171 1212 1243 quo
1231 1167 1292 1240 pe·

147 1243 211 1319 des
233 1243 322 1318 sunt·
335 1241 501 1330 contriti,
535 1263 580 1314 ex
610 1259 731 1316 mente
753 1243 871 1318 nostra
896 1244 1058 1320 hostilem
1077 1246 1294 1320 Maccabeo-

17 1339 19 1366 ³
146 1363 232 1416 rum
253 1341 426 1432 impetum
450 1338 486 1412 in
508 1359 655 1434 regnum
670 1341 851 1432 Syriacum
866 1345 914 1416 ob
932 1343 1056 1416 oeulos
1072 1343 1192 1435 ponit,
1218 1361 1291 1432 quo

17 1499 18 1522 ξ
147 1437 243 1532 illius
263 1435 456 1508 dominium
477 1439 602 1526 partim
625 1436 662 1508 in
682 1435 845 1528 Judaeos,
870 1439 995 1532 partim
1018 1439 1054 1511 in
1074 1438 1225 1531 populos
1242 1437 1292 1506 vi·

17 1543 19 1620 ξ
74 1583 76 1586 -
145 1533 272 1620 cinos,
298 1531 370 1604 fuit
389 1528 622 1620 destruiium,
655 1530 858 1624 Judaeorum
882 1556 970 1607 vero
986 1534 1198 1627 Respublica
1212 1531 1292 1606 fun·

17 1643 18 1654 ³
143 1629 251 1717 data,
277 1627 388 1720 &per
401 1627 560 1724 gentium
577 1627 771 1705 vicinarum
793 1629 1070 1728 subjugationem
1085 1626 1292 1724 amplificata

17 1709 19 1828 i
141 1721 402 1802 &confirmata
416 1722 496 1798 fuit.
546 1722 654 1834 Quod
672 1741 711 1800 ut
730 1726 877 1800 clariore
894 1729 974 1802 luce
988 1729 1161 1816 donetur,
1177 1750 1207 1800 a.
1223 1748 1286 1816 nq-

17 1839 39 1934 ¹.
144 1822 214 1899 ²²¹5
240 1819 368 1908 'selim’
392 1817 552 1894 h⁰sti¹effl
574 1838 745 1912 lmletum
761 1845 825 1916 per
837 1827 963 1918 lapidis·
973 1823 1157 1920 impulsum
1174 1824 1212 1896 in
1226 1821 1290 1894 sta·

144 1933 245 1994 tuam
274 1913 541 2010 repraesentari,
584 1917 644 2010 qni
673 1919 716 1992 ad
750 1921 827 2010 ejus
858 1919 1130 1996 destrusiionem
1161 1919 1287 1996 tendit.

145 2014 257 2184 quod
278 2011 404 2108 sponte
418 2012 476 2086 sua
488 2013 663 2091 elucescit.
715 2014 769 2090 Eo
785 2017 880 2092 enim
895 2038 976 2092 curn
991 2019 1184 2102 emblema,
1208 2033 1286 2092 tum

144 2135 167 2208 p
184 2107 338 2186 enillima
357 2110 514 2188 omnium
538 2112 688 2202 partium
712 2111 831 2186 statuae
855 2115 1088 2190 comminutio
1108 2109 1288 2202 &dillipa-

147 2210 220 2298 tio,
253 2204 436 2282 manifeste
462 2208 639 2281 collineat.
704 2211 733 2280 b.
758 2208 926 2300 Lapidem
947 2232 1020 2282 non
1040 2209 1102 2282 nisi
1125 2208 1160 2279 in
1182 2207 1288 2298 pedes

146 2301 298 2396 Coloffi,
336 2303 459 2378 necin
481 2319 670 2394 utrosque,
710 2304 742 2374 dr
765 2307 807 2378 ab
827 2306 925 2378 omni
948 2320 1070 2397 parte,
1102 2323 1226 2375 verum
1251 2301 1289 2375 in

147 2425 253 2476 naum
281 2398 421 2493 aliquod
451 2399 540 2473 latus
569 2397 773 2496 impegisse,
813 2399 996 2494 plusquam
1019 2398 1202 2492 probabile
1225 2394 1288 2470 est.

147 2497 276 2576 Pedum
294 2495 366 2588 ipse
389 2509 508 2570 textus
528 2497 746 2570 mentionem
766 2494 871 2584 fac1t3
904 2517 1015 2570 unum
1037 2493 1179 2585 aliquod
1197 2493 1288 2566 latus

148 2593 252 2670 soille
273 2591 431 2680 tadum,
445 2592 532 2666 sicut
555 2591 640 2664 nihil
657 2593 764 2665 habet
780 2591 936 2680 absurdi,
962 2592 1010 2666 ita
1026 2590 1078 2664 rei
1095 2589 1156 2683 ipli
1171 2589 1204 2662 ἃ
1218 2610 1290 2662 em·

148 2691 293 2768 blemati
316 2687 366 2762 est
386 2688 667 2764 convenientius.
723 2687 859 2763 'sextus
884 2689 1023 2783 quidem
1047 2689 1172 2774 habet,
1204 2685 1290 2780 lapi-

147 2790 231 2886 dem
253 2781 427 2882 perruffiffe
450 2782 663 2876 stmularrum
684 2791 720 2858 in
737 2788 887 2881 pedibus:
919 2786 978 2860 sed
993 2785 1077 2859 illud
1092 2785 1136 2858 de
1152 2806 1214 2858 nno
1230 2805 1291 2876 pe·

150 2886 255 2973 dum,
288 2881 367 2956 stilo
393 2881 467 2956 satis
493 2880 640 2973 usitato,
673 2884 861 2958 commode
883 2880 1127 2978 satisintelligi
1150 2877 1288 2974 potest,

152 2983 306 3058 maxime
321 3001 400 3053 cum
415 2976 561 3052 effebus
575 2977 682 3054 fuerit
696 2981 878 3073 utriusque
893 2980 1010 3074 pedis,
1031 2978 1065 3052 dr
1082 2979 1190 3053 totius
1200 2978 1290 3054 dein

154 3079 305 3162 Statuae,
335 3073 445 3169 lapsus
475 3075 509 3148 dr
535 3075 739 3150 confrailio.
797 3076 932 3173 Regula
956 3076 1191 3151 Grammatica
1212 3073 1290 3148 satis

153 3193 241 3250 nota
260 3171 331 3262 est,
349 3175 510 3268 pluralem
530 3186 589 3266 pro
599 3171 765 3266 flagellari
778 3179 874 3266 poni,
899 3187 966 3244 tam
985 3177 1021 3244 in
1042 3170 1172 3260 Verbis,
1198 3195 1294 3266 quam

157 3269 376 3360 Nominibus,
410 3285 448 3341 m
476 3270 602 3340 nnllam
630 3265 768 3362 designet
795 3273 1025 3340 eminentiam:
1046 3265 1107 3360 sed
1129 3264 1296 3358 indefinite

154 3371 326 3464 pluribus,
359 3369 413 3441 oei
436 3366 577 3438 omnibus
603 3366 721 3450 tribui,
754 3364 833 3460 quod
854 3386 960 3437 eorum
979 3366 1060 3450 uni,
1099 3366 1153 3436 oei
1173 3365 1300 3456 aliquoi

160 3470 330 3538 convenil:
356 3460 650 3556 quemadmodum
676 3481 753 3536 eam
777 3457 956 3550 expient,
981 3473 1020 3530 et
1042 3459 1164 3534 multis
1179 3479 1297 3551 exem·

161 3563 227 3654 plis
254 3558 410 3634 firmavit
430 3557 484 3631 Cl.
508 3556 668 3632 Danziua
683 3558 720 3630 in
732 3553 914 3650 fineqirare
930 3555 1052 3648 Seripi.
1067 3553 1252 3642 eludente,
1275 3559 1299 3643 b·

164 3659 197 3731 8.
230 3681 258 3730 c.
276 3656 460 3748 Denique,
497 3675 576 3730 cum
598 3669 759 3748 quartum
783 3673 930 3748 regnum
953 3650 1142 3727 Alexandri
1157 3651 1297 3724 Succos·
1379 3652 1382 3658 ’
1473 3714 1477 3722 .

164 3751 304 3842 sorum,
338 3774 403 3846 per
426 3749 587 3845 pedes&
609 3751 736 3848 digitos
756 3747 961 3843 depidtum,
982 3747 1170 3822 admodum
1193 3745 1302 3838 fuerit

27 3851 28 3858 ‘
165 3848 339 3942 divisum,
362 3849 399 3925 in
419 3849 492 3925 duo
512 3848 667 3941 maiora,-
687 3848 866 3942 Syriacum
885 3847 919 3922 ἃ
938 3845 1212 3958 AEgyptiacum‚
1237 3843 1302 3938 per

716 3945 825 4023 Rra
1022 4057 1026 4067 Ι
1103 3960 1107 3970 ·
1197 3941 1308 4044 pedes
