3444 4778
421 431 491 532 ,58
595 393 1414 498 cotrntnraatus
1541 327 1550 340 ⁸

438 627 500 706 seu
518 621 720 721 stringendo
742 633 906 700 manum,
929 604 1072 691 ensem,
1098 597 1253 688 vestem,
1278 596 1371 672 unde
1376 593 1588 690 spoliationis

439 729 541 804 fluxit
562 721 721 803 notatio,
761 715 813 786 uti
835 709 947 786 verbo
969 700 1106 778 notavit
1130 697 1182 772 Cl.
1208 697 1393 770 Schultens
1415 711 1456 782 ⁰,
1487 694 1520 766 dt
1542 715 1587 768 ex

441 825 551 901 Arab.
575 819 693 914 lingua
715 809 897 886 illustravit
911 805 1004 878 Rev.
1021 801 1126 873 Lette
1141 805 1168 869 b.
1219 791 1310 867 Cum
1325 787 1587 887 verostringere

441 942 574 996 menum
598 915 773 988 Arabibus
791 907 948 987 dicatur,
975 899 1034 991 qui
1050 912 1186 969 temere
1204 891 1287 985 quid
1304 889 1528 986 adgreditur,
1553 888 1589 962 dt

441 1037 599 1112 praeceps
623 1011 702 1099 est,
721 1007 764 1078 de
789 1001 990 1076 temeritate
1015 993 1177 1086 sacrilega
1198 989 1401 1080 usurpatur,
1427 987 1536 1058 etiam
1551 983 1589 1060 iu

443 1115 521 1208 iplis
538 1109 691 1201 reliquiis
709 1101 866 1176 Biblicis:
893 1111 934 1171 ut
950 1117 970 1167 2
986 1091 1077 1166 Sam.
1093 1111 1151 1161 vr:
1169 1109 1203 1180 7.
1229 1086 1288 1158 ubi
1308 1085 1381 1158 Uza
1396 1085 1525 1180 legitur
1539 1081 1590 1152 di.

443 1214 578 1285 vinitus
606 1197 783 1306 perculsus
814 1199 963 1280 banis,
1002 1212 1023 1260 a
1046 1191 1126 1274 bbrr,
1159 1186 1193 1256 dt
1218 1204 1291 1256 non
1314 1191 1399 1268 τὴν,
1429 1179 1590 1272 adeoque

444 1301 520 1385 non
540 1307 671 1401 propter
692 1315 830 1373 errorem
852 1287 1073 1382 fimpliciter,
1107 1281 1165 1355 sed
1190 1279 1399 1376 sacrilegiam
1412 1280 1592 1371 ⁴quandam

443 1403 712 1482 temeritatem,
739 1416 805 1488 qua
825 1405 948 1464 manus
962 1388 998 1458 in
1013 1403 1124 1454 arram
1144 1375 1291 1462 inmisit,
1317 1379 1368 1450 uti
1383 1379 1418 1448 in
1439 1377 1521 1448 loco
1538 1393 1593 1466 pa.

445 1503 569 1578 railelo
592 1520 606 1571 r
631 1487 763 1568 l'hron.
785 1507 890 1562 xrrr:
908 1506 941 1574 9.
992 1469 1592 1579 Quascumqueitaquespeiiariener,

447 1603 554 1674 etiam
570 1594 780 1692 fiteriiegar,
823 1585 879 1657 hic
906 1579 1161 1673 intelligamus,
1194 1589 1277 1664 quas
1302 1571 1520 1643 Antiochum
1545 1585 1594 1640 te·

445 1707 547 1775 inere
571 1687 749 1766 instituille
767 1682 941 1758 novimus.
993 1673 1145 1747 Additur
1157 1666 1297 1766 poffesfio
1313 1691 1437 1756 eorum,
1465 1665 1594 1739 scilicet

446 1779 648 1868 Parrum&
670 1788 861 1876 majorum,
887 1771 986 1848 sensu
1009 1771 1197 1866 facillimo,
1224 1767 1282 1860 qui
1297 1781 1414 1840 tamen
1432 1764 1526 1860 fugit
1542 1763 1595 1836 ln·

446 1902 648 1981 terpretes:
687 1883 747 1972 qui
772 1891 974 1970 pronomen
994 1875 1056 1942 orb
1084 1867 1141 1938 vel
1168 1859 1242 1958 ipfis
1264 1879 1428 1949 vertunt,
1457 1863 1489 1932 u
1514 1881 1595 1934 eum

442 1987 560 2058 uerba
584 1999 632 2056 u:
656 1980 835 2071 dispergere
855 1965 1086 2058 construunt,
1112 1960 1185 2036 neh
1211 1957 1445 2055 elletspoiium
1464 1955 1507 2040 δ’
1525 1971 1594 2051 por·

441 2079 604 2182 seffionem
625 2072 793 2166 distribuet
813 2065 910 2163 ipfls,
936 2065 995 2134 vel
1010 2062 1177 2134 militibus
1194 2059 1254 2129 vel
1268 2055 1389 2147 sociis,
1416 2056 1472 2128 vel
1489 2076 1594 2126 eorum

451 2179 626 2264 ¹reddunt,
659 2173 693 2246 dt
713 2179 794 2242 cum
815 2158 990 2262 posseffione
1011 2155 1240 2232 conneuonr.
1300 2152 1409 2251 Quod
1426 2149 1596 2246 posterius

450 2278 600 2354 omnino
617 2287 740 2344 verum
756 2263 827 2353 e'st,
853 2256 981 2338 &stilo
997 2257 1108 2331 Hebr.
1124 2252 1218 2326 teile
1230 2267 1431 2349 eongruum
1448 2298 1460 2338 ,
1487 2267 1526 2323 ut
1540 2251 1597 2324 be·

452 2397 499 2451 ne
521 2373 683 2465 Gejerus.
735 2361 838 2438 ‘Prius
861 2353 1065 2432 eninrferri
1086 2352 1232 2446 nequit,
1266 2365 1348 2424 eum
1364 2347 1464 2441 quod
1484 2347 1596 2420 relati·
1711 2383 1712 2420 1

442 2489 561 2559 uum,
587 2474 647 2544 mh
662 2458 757 2560 ipfir,
783 2457 868 2534 nihii
884 2457 1027 2539 habeat,
1051 2473 1120 2544 quo
1137 2447 1262 2521 referri
1280 2443 1398 2540 polit,
1414 2461 1490 2519 tum
1506 2442 1597 2540 quod

452 2587 501 2646 bra
525 2591 599 2642 non
621 2563 662 2638 srt
682 2555 890 2648 distribuere,
916 2549 982 2626 sed
997 2545 1168 2643 disfipere,
1189 2559 1236 2618 ut
1257 2564 1340 2620 mox
1357 2545 1482 2617 dicam.
1532 2539 1597 2617 Sed
1711 2619 1712 2640 ,

443 2672 526 2760 ¹Jquo
550 2662 706 2757 pertinet
723 2649 855 2749 poffiffio
882 2649 1017 2721 eorum?
1043 2643 1297 2738 interpretibus
1312 2641 1377 2714 ²hic
1393 2662 1519 2734 aquam
1534 2641 1598 2714 he·
1711 2699 1712 2706 ,

444 2762 549 2852 fille,
576 2763 610 2834 u
632 2758 675 2829 ad
695 2756 834 2860 pinguia
856 2747 1056 2840 provincie,
1087 2757 1148 2814 aut
1162 2741 1249 2825 alio,
1276 2735 1598 2832 respexillemirari

456 2858 569 2946 subit,
595 2861 676 2926 cum
697 2847 784 2922 nihil
808 2843 1061 2938 propinquius,
1085 2837 1323 2924 autiacilius,
1347 2835 1411 2923 fit,
1438 2833 1595 2928 quemad

457 2951 578 3028 Patres
601 2947 643 3031 A?
665 2945 800 3042 majores
819 2933 1047 3030 adplicuiffe,
1072 2935 1165 3010 &de
1180 2931 1385 3028 polleffione
1400 2936 1444 3006 ab
1460 2932 1522 3004 illis
1539 2932 1596 3004 de·

214 3121 216 3128 ,
345 3083 355 3106 r
455 3051 568 3126 rivata
591 3037 811 3119 intellexiffe.
859 3033 950 3136 Quae
972 3031 1336 3126 superioribusaddita
1353 3030 1488 3104 sensum
1504 3050 1599 3128 egre·

445 3149 554 3246 'giom
578 3140 748 3226 absolvit,
779 3155 851 3230 quo
874 3128 1115 3206 tresdistinsti
1138 3129 1281 3218 fontes,
1307 3151 1350 3202 es
1371 3129 1498 3222 quibus
1515 3147 1600 3216 opes

458 3240 649 3320 &divitias
672 3235 781 3312 hausit
805 3229 1027 3318 Antiochus,
1064 3231 1112 3302 ob
1132 3229 1257 3302 oculos
1278 3241 1471 3318 ponuntur.
1524 3224 1601 3300 Nee

458 3341 574 3418 verbis
598 3337 674 3410 fere
697 3333 788 3429 opus
812 3329 862 3403 est
885 3328 927 3402 ad
951 3325 1036 3400 illud
1052 3347 1097 3398 ex
1112 3324 1254 3398 historia
1270 3321 1598 3399 demonstrandum:

444 3463 540 3530 ,cum
562 3433 717 3532 Aegypti
746 3425 1041 3524 depredationes,
1073 3421 1330 3516 &Judaeorunr
1354 3420 1599 3514 spoliationes,

456 3543 620 3614 locorum
641 3547 782 3625 quoque
805 3523 982 3599 sacrorum
1004 3519 1235 3606 violationes,
1261 3519 1386 3612 quibus
1402 3517 1600 3612 Epiphanes

457 3655 592 3714 nomen
616 3629 716 3702 suum
736 3621 960 3707 nobilitavit,
991 3619 1027 3692 in
1042 3618 1168 3714 vulgus
1185 3630 1280 3689 note
1296 3613 1373 3689 sint.
1424 3613 1601 3692 Sufficiant

457 3737 575 3829 itaque
598 3729 706 3802 verba
731 3722 866 3816 Polybii
892 3739 929 3810 c,
955 3717 992 3792 in
1013 3711 1290 3809 remaptiffima,
1321 3710 1448 3807 quibus
1469 3715 1601 3884 igneo·

895 3853 901 3864 ·
1503 3832 1601 3887 orum

458 3996 526 4136 vap
536 3969 677 4120 nigror.
702 3983 727 4028 1:
752 3981 796 4040 13.
925 3958 1198 4042 iadJudrtao.
1319 3953 1597 4038 capesserent
