<?xml version="1.0" encoding="UTF-8"?>
<!DOCTYPE html PUBLIC "-//W3C//DTD XHTML 1.0 Transitional//EN"
    "http://www.w3.org/TR/xhtml1/DTD/xhtml1-transitional.dtd">
<html xmlns="http://www.w3.org/1999/xhtml" xml:lang="en" lang="en">
 <head>
  <title>
</title>
<meta http-equiv="Content-Type" content="text/html;charset=utf-8" />
  <meta name='ocr-system' content='tesseract 3.04.00' />
  <meta name='ocr-capabilities' content='ocr_page ocr_carea ocr_par ocr_line ocrx_word'/>
</head>
<body>
  <div class='ocr_page' id='page_1' title='image "./dissertationesa00venegoog_0631.png"; bbox 0 0 3428 4742; ppageno 0'>
   <div class='ocr_carea' id='block_1_1' title="bbox 459 349 1433 524">
    <p class='ocr_par' dir='ltr' id='par_1_1' title="bbox 459 349 1433 524">
     <span class='ocr_line' id='line_1_1' title="bbox 459 349 1433 524; baseline 0.01 -30"><span class='ocrx_word' id='word_1_1' title='bbox 459 387 526 494; x_wconf 75' lang='lat' dir='ltr'><strong>au</strong></span> <span class='ocrx_word' id='word_1_2' title='bbox 596 388 815 497; x_wconf 73' lang='lat' dir='ltr'>DAN.</span> <span class='ocrx_word' id='word_1_3' title='bbox 886 429 1044 519; x_wconf 60' lang='lat'><strong>:1:324</strong></span> <span class='ocrx_word' id='word_1_4' title='bbox 1118 410 1122 422; x_wconf 82' lang='lat'><em>&#39;</em></span> <span class='ocrx_word' id='word_1_5' title='bbox 1238 349 1314 524; x_wconf 68' lang='lat' dir='ltr'><strong>dij</strong></span> <span class='ocrx_word' id='word_1_6' title='bbox 1428 497 1433 504; x_wconf 90' lang='lat'>.</span> 
     </span>
    </p>
   </div>
   <div class='ocr_carea' id='block_1_2' title="bbox 130 583 1314 2046">
    <p class='ocr_par' dir='ltr' id='par_1_2' title="bbox 130 583 1314 2046">
     <span class='ocr_line' id='line_1_2' title="bbox 159 583 1309 702; baseline 0.001 -37"><span class='ocrx_word' id='word_1_7' title='bbox 159 587 285 665; x_wconf 87' lang='lat' dir='ltr'><strong>nendo</strong></span> <span class='ocrx_word' id='word_1_8' title='bbox 307 599 469 684; x_wconf 79' lang='lat' dir='ltr'><strong>tanquam</strong></span> <span class='ocrx_word' id='word_1_9' title='bbox 495 583 657 663; x_wconf 75' lang='lat' dir='ltr'><strong>viliores.</strong></span> <span class='ocrx_word' id='word_1_10' title='bbox 712 586 836 686; x_wconf 85' lang='lat' dir='ltr'><strong>Quam</strong></span> <span class='ocrx_word' id='word_1_11' title='bbox 860 588 1039 682; x_wconf 84' lang='lat' dir='ltr'><strong>emphasrrr</strong></span> <span class='ocrx_word' id='word_1_12' title='bbox 1058 587 1209 666; x_wconf 88' lang='lat' dir='ltr'><strong>verbum</strong></span> <span class='ocrx_word' id='word_1_13' title='bbox 1223 616 1309 702; x_wconf 79' lang='lat' dir='ltr'><strong>pin,</strong></span> 
     </span>
     <span class='ocr_line' id='line_1_3' title="bbox 161 686 1312 782; baseline 0.005 -22"><span class='ocrx_word' id='word_1_14' title='bbox 161 687 209 760; x_wconf 87' lang='lat' dir='ltr'><strong>de</strong></span> <span class='ocrx_word' id='word_1_15' title='bbox 225 689 347 762; x_wconf 89' lang='lat' dir='ltr'><strong>militia</strong></span> <span class='ocrx_word' id='word_1_16' title='bbox 359 687 514 760; x_wconf 86' lang='lat' dir='ltr'>adhiberi</span> <span class='ocrx_word' id='word_1_17' title='bbox 530 686 692 772; x_wconf 88' lang='lat' dir='ltr'><strong>solitum,</strong></span> <span class='ocrx_word' id='word_1_18' title='bbox 719 707 971 778; x_wconf 87' lang='lat' dir='ltr'><strong>nonnunquam</strong></span> <span class='ocrx_word' id='word_1_19' title='bbox 990 689 1106 763; x_wconf 88' lang='lat' dir='ltr'><strong>babet.</strong></span> <span class='ocrx_word' id='word_1_20' title='bbox 1162 687 1219 760; x_wconf 92' lang='lat' dir='ltr'><strong>De</strong></span> <span class='ocrx_word' id='word_1_21' title='bbox 1238 711 1312 782; x_wconf 92' lang='lat' dir='ltr'><strong>quo</strong></span> 
     </span>
     <span class='ocr_line' id='line_1_4' title="bbox 159 779 1310 878; baseline 0.003 -20"><span class='ocrx_word' id='word_1_22' title='bbox 159 784 268 878; x_wconf 86' lang='lat' dir='ltr'><strong>supra</strong></span> <span class='ocrx_word' id='word_1_23' title='bbox 285 815 302 852; x_wconf 83' lang='lat' dir='ltr'><strong>a</strong></span> <span class='ocrx_word' id='word_1_24' title='bbox 318 787 371 878; x_wconf 86' lang='lat' dir='ltr'><strong>egi</strong></span> <span class='ocrx_word' id='word_1_25' title='bbox 383 809 404 871; x_wconf 68' lang='lat' dir='ltr'><strong>l</strong></span> <span class='ocrx_word' id='word_1_26' title='bbox 421 785 452 856; x_wconf 79' lang='lat' dir='ltr'><strong>u</strong></span> <span class='ocrx_word' id='word_1_27' title='bbox 477 787 625 857; x_wconf 90' lang='lat' dir='ltr'><strong>verbum</strong></span> <span class='ocrx_word' id='word_1_28' title='bbox 643 779 830 872; x_wconf 71' lang='lat' dir='ltr'><strong>perfurere</strong></span> <span class='ocrx_word' id='word_1_29' title='bbox 846 785 1026 874; x_wconf 88' lang='lat' dir='ltr'><strong>additum,</strong></span> <span class='ocrx_word' id='word_1_30' title='bbox 1053 801 1092 860; x_wconf 93' lang='lat' dir='ltr'><strong>ut</strong></span> <span class='ocrx_word' id='word_1_31' title='bbox 1110 786 1209 878; x_wconf 90' lang='lat' dir='ltr'><strong>supra</strong></span> <span class='ocrx_word' id='word_1_32' title='bbox 1225 808 1310 878; x_wconf 89' lang='lat' dir='ltr'><strong>quo·</strong></span> 
     </span>
     <span class='ocr_line' id='line_1_5' title="bbox 157 878 1314 980; baseline 0.003 -27"><span class='ocrx_word' id='word_1_33' title='bbox 157 887 233 976; x_wconf 85' lang='lat' dir='ltr'><strong>quc</strong></span> <span class='ocrx_word' id='word_1_34' title='bbox 264 883 472 966; x_wconf 91' lang='lat' dir='ltr'><strong>babuimus,</strong></span> <span class='ocrx_word' id='word_1_35' title='bbox 512 878 711 955; x_wconf 85' lang='lat' dir='ltr'><strong>confirmat.</strong></span> <span class='ocrx_word' id='word_1_36' title='bbox 768 880 894 953; x_wconf 83' lang='lat' dir='ltr'><strong>Sensus</strong></span> <span class='ocrx_word' id='word_1_37' title='bbox 921 902 1008 978; x_wconf 87' lang='lat' dir='ltr'><strong>ergo</strong></span> <span class='ocrx_word' id='word_1_38' title='bbox 1034 882 1105 969; x_wconf 87' lang='lat' dir='ltr'><strong>est,</strong></span> <span class='ocrx_word' id='word_1_39' title='bbox 1139 904 1200 956; x_wconf 92' lang='lat' dir='ltr'><strong>eos</strong></span> <span class='ocrx_word' id='word_1_40' title='bbox 1223 883 1314 980; x_wconf 82' lang='lat' dir='ltr'><strong>legis</strong></span> 
     </span>
     <span class='ocr_line' id='line_1_6' title="bbox 157 975 1310 1073; baseline 0.001 -21"><span class='ocrx_word' id='word_1_41' title='bbox 157 978 334 1052; x_wconf 89' lang='lat' dir='ltr'><strong>studiosos</strong></span> <span class='ocrx_word' id='word_1_42' title='bbox 357 979 393 1050; x_wconf 93' lang='lat' dir='ltr'><strong>in</strong></span> <span class='ocrx_word' id='word_1_43' title='bbox 411 979 580 1073; x_wconf 82' lang='lat' dir='ltr'><strong>religione</strong></span> <span class='ocrx_word' id='word_1_44' title='bbox 595 1001 668 1050; x_wconf 91' lang='lat' dir='ltr'><strong>non</strong></span> <span class='ocrx_word' id='word_1_45' title='bbox 687 975 800 1050; x_wconf 91' lang='lat' dir='ltr'><strong>solum</strong></span> <span class='ocrx_word' id='word_1_46' title='bbox 816 977 1013 1052; x_wconf 89' lang='lat' dir='ltr'><strong>constantes</strong></span> <span class='ocrx_word' id='word_1_47' title='bbox 1031 979 1196 1067; x_wconf 85' lang='lat' dir='ltr'><strong>futuros,</strong></span> <span class='ocrx_word' id='word_1_48' title='bbox 1224 982 1310 1054; x_wconf 89' lang='lat' dir='ltr'><strong>sese·</strong></span> 
     </span>
     <span class='ocr_line' id='line_1_7' title="bbox 157 1073 1312 1168; baseline 0.005 -21"><span class='ocrx_word' id='word_1_49' title='bbox 157 1099 233 1168; x_wconf 85' lang='lat' dir='ltr'><strong>que</strong></span> <span class='ocrx_word' id='word_1_50' title='bbox 248 1094 371 1148; x_wconf 89' lang='lat' dir='ltr'><strong>contra</strong></span> <span class='ocrx_word' id='word_1_51' title='bbox 393 1097 536 1147; x_wconf 85' lang='lat' dir='ltr'><strong>omnem</strong></span> <span class='ocrx_word' id='word_1_52' title='bbox 552 1073 833 1166; x_wconf 86' lang='lat' dir='ltr'><strong>persecutionem</strong></span> <span class='ocrx_word' id='word_1_53' title='bbox 849 1073 1120 1162; x_wconf 87' lang='lat' dir='ltr'><strong>obfirmaturos,</strong></span> <span class='ocrx_word' id='word_1_54' title='bbox 1148 1077 1206 1148; x_wconf 91' lang='lat' dir='ltr'><strong>sed</strong></span> <span class='ocrx_word' id='word_1_55' title='bbox 1223 1080 1256 1150; x_wconf 83' lang='lat' dir='ltr'><strong>dt</strong></span> <span class='ocrx_word' id='word_1_56' title='bbox 1271 1080 1312 1153; x_wconf 90' lang='lat' dir='ltr'><strong>in</strong></span> 
     </span>
     <span class='ocr_line' id='line_1_8' title="bbox 130 1170 1306 1266; baseline 0.004 -23"><span class='ocrx_word' id='word_1_57' title='bbox 130 1247 131 1250; x_wconf 62' lang='grc'>,</span> <span class='ocrx_word' id='word_1_58' title='bbox 159 1174 253 1266; x_wconf 79' lang='lat' dir='ltr'><strong>legis</strong></span> <span class='ocrx_word' id='word_1_59' title='bbox 275 1195 314 1242; x_wconf 89' lang='lat' dir='ltr'><strong>ac</strong></span> <span class='ocrx_word' id='word_1_60' title='bbox 343 1173 519 1266; x_wconf 81' lang='lat' dir='ltr'><strong>religionis</strong></span> <span class='ocrx_word' id='word_1_61' title='bbox 544 1173 578 1246; x_wconf 86' lang='lat'>&amp;</span> <span class='ocrx_word' id='word_1_62' title='bbox 600 1175 688 1265; x_wconf 90' lang='lat' dir='ltr'><strong>reip.</strong></span> <span class='ocrx_word' id='word_1_63' title='bbox 717 1170 1029 1246; x_wconf 80' lang='lat' dir='ltr'><strong>defensione-totis</strong></span> <span class='ocrx_word' id='word_1_64' title='bbox 1049 1173 1181 1246; x_wconf 88' lang='lat' dir='ltr'><strong>viribus</strong></span> <span class='ocrx_word' id='word_1_65' title='bbox 1204 1193 1306 1250; x_wconf 89' lang='lat' dir='ltr'><strong>tanto</strong></span> 
     </span>
     <span class='ocr_line' id='line_1_9' title="bbox 157 1267 1309 1362; baseline 0.003 -20"><span class='ocrx_word' id='word_1_66' title='bbox 157 1291 247 1342; x_wconf 88' lang='lat' dir='ltr'><strong>curn</strong></span> <span class='ocrx_word' id='word_1_67' title='bbox 271 1267 422 1340; x_wconf 84' lang='lat' dir='ltr'><strong>successu</strong></span> <span class='ocrx_word' id='word_1_68' title='bbox 447 1269 603 1356; x_wconf 86' lang='lat' dir='ltr'><strong>futuros,</strong></span> <span class='ocrx_word' id='word_1_69' title='bbox 629 1285 670 1344; x_wconf 90' lang='lat' dir='ltr'><strong>ut</strong></span> <span class='ocrx_word' id='word_1_70' title='bbox 693 1268 925 1362; x_wconf 85' lang='lat' dir='ltr'><strong>praevalituri,</strong></span> <span class='ocrx_word' id='word_1_71' title='bbox 952 1270 1057 1344; x_wconf 83' lang='lat' dir='ltr'><strong>&amp;res</strong></span> <span class='ocrx_word' id='word_1_72' title='bbox 1073 1268 1240 1361; x_wconf 87' lang='lat' dir='ltr'><strong>collapsas</strong></span> <span class='ocrx_word' id='word_1_73' title='bbox 1258 1273 1309 1346; x_wconf 89' lang='lat' dir='ltr'><strong>in·</strong></span> 
     </span>
     <span class='ocr_line' id='line_1_10' title="bbox 155 1363 1308 1464; baseline 0.004 -26"><span class='ocrx_word' id='word_1_74' title='bbox 155 1365 324 1452; x_wconf 86' lang='lat' dir='ltr'><strong>staurati,</strong></span> <span class='ocrx_word' id='word_1_75' title='bbox 347 1363 563 1457; x_wconf 89' lang='lat' dir='ltr'><strong>firmiterque</strong></span> <span class='ocrx_word' id='word_1_76' title='bbox 577 1364 802 1440; x_wconf 90' lang='lat' dir='ltr'><strong>constituturi</strong></span> <span class='ocrx_word' id='word_1_77' title='bbox 818 1365 895 1440; x_wconf 81' lang='lat' dir='ltr'><strong>sint.</strong></span> <span class='ocrx_word' id='word_1_78' title='bbox 945 1367 1054 1464; x_wconf 91' lang='lat' dir='ltr'><strong>Quod</strong></span> <span class='ocrx_word' id='word_1_79' title='bbox 1068 1384 1256 1460; x_wconf 87' lang='lat' dir='ltr'><strong>utrumque</strong></span> <span class='ocrx_word' id='word_1_80' title='bbox 1271 1369 1308 1443; x_wconf 90' lang='lat' dir='ltr'><strong>in</strong></span> 
     </span>
     <span class='ocr_line' id='line_1_11' title="bbox 158 1462 1310 1559; baseline 0.004 -26"><span class='ocrx_word' id='word_1_81' title='bbox 158 1462 345 1534; x_wconf 88' lang='lat' dir='ltr'><strong>Chasrdaeis</strong></span> <span class='ocrx_word' id='word_1_82' title='bbox 368 1463 403 1534; x_wconf 82' lang='lat' dir='ltr'><strong>dt</strong></span> <span class='ocrx_word' id='word_1_83' title='bbox 427 1463 632 1536; x_wconf 87' lang='lat' dir='ltr'><strong>Maccabaeis</strong></span> <span class='ocrx_word' id='word_1_84' title='bbox 655 1462 814 1537; x_wconf 76' lang='lat' dir='ltr'><strong>exailum</strong></span> <span class='ocrx_word' id='word_1_85' title='bbox 837 1462 1067 1540; x_wconf 89' lang='lat' dir='ltr'><strong>consecutum</strong></span> <span class='ocrx_word' id='word_1_86' title='bbox 1094 1466 1164 1536; x_wconf 85' lang='lat' dir='ltr'><strong>ell&#39;e</strong></span> <span class='ocrx_word' id='word_1_87' title='bbox 1187 1467 1310 1559; x_wconf 90' lang='lat' dir='ltr'><strong>imple·</strong></span> 
     </span>
     <span class='ocr_line' id='line_1_12' title="bbox 155 1559 1307 1645; baseline 0.003 -10"><span class='ocrx_word' id='word_1_88' title='bbox 155 1577 346 1645; x_wconf 88' lang='lat' dir='ltr'><strong>mentum,</strong></span> <span class='ocrx_word' id='word_1_89' title='bbox 372 1581 481 1634; x_wconf 89' lang='lat' dir='ltr'><strong>nemo</strong></span> <span class='ocrx_word' id='word_1_90' title='bbox 501 1583 575 1634; x_wconf 91' lang='lat' dir='ltr'><strong>non</strong></span> <span class='ocrx_word' id='word_1_91' title='bbox 592 1583 635 1634; x_wconf 84' lang='lat' dir='ltr'><strong>ex</strong></span> <span class='ocrx_word' id='word_1_92' title='bbox 649 1559 790 1633; x_wconf 87' lang='lat' dir='ltr'><strong>historia</strong></span> <span class='ocrx_word' id='word_1_93' title='bbox 805 1560 1028 1638; x_wconf 87' lang='lat' dir='ltr'><strong>Maccabaica</strong></span> <span class='ocrx_word' id='word_1_94' title='bbox 1044 1566 1159 1636; x_wconf 89' lang='lat' dir='ltr'><strong>novit.</strong></span> <span class='ocrx_word' id='word_1_95' title='bbox 1200 1564 1307 1638; x_wconf 90' lang='lat' dir='ltr'><strong>initio</strong></span> 
     </span>
     <span class='ocr_line' id='line_1_13' title="bbox 153 1655 1309 1754; baseline 0.003 -26"><span class='ocrx_word' id='word_1_96' title='bbox 153 1655 437 1751; x_wconf 86' lang='lat' dir='ltr'><strong>persecutionis,</strong></span> <span class='ocrx_word' id='word_1_97' title='bbox 470 1675 656 1749; x_wconf 84' lang='lat' dir='ltr'><strong>antequam</strong></span> <span class='ocrx_word' id='word_1_98' title='bbox 680 1659 884 1731; x_wconf 88' lang='lat' dir='ltr'><strong>Mattathias</strong></span> <span class='ocrx_word' id='word_1_99' title='bbox 909 1657 1002 1754; x_wconf 83' lang='lat' dir='ltr'><strong>signa</strong></span> <span class='ocrx_word' id='word_1_100' title='bbox 1024 1661 1152 1733; x_wconf 86' lang='lat' dir='ltr'><strong>extulit</strong></span> <span class='ocrx_word' id='word_1_101' title='bbox 1172 1661 1253 1734; x_wconf 89' lang='lat' dir='ltr'><strong>cu&#39;m</strong></span> <span class='ocrx_word' id='word_1_102' title='bbox 1268 1655 1309 1732; x_wconf 86' lang='lat' dir='ltr'><strong>fi.</strong></span> 
     </span>
     <span class='ocr_line' id='line_1_14' title="bbox 154 1753 1307 1864; baseline 0.002 -38"><span class='ocrx_word' id='word_1_103' title='bbox 154 1755 241 1840; x_wconf 84' lang='lat' dir='ltr'><strong>liis,</strong></span> <span class='ocrx_word' id='word_1_104' title='bbox 270 1754 391 1839; x_wconf 84' lang='lat' dir='ltr'><strong>multi,</strong></span> <span class='ocrx_word' id='word_1_105' title='bbox 417 1753 503 1827; x_wconf 91' lang='lat' dir='ltr'><strong>dicit</strong></span> <span class='ocrx_word' id='word_1_106' title='bbox 524 1769 629 1828; x_wconf 90' lang='lat' dir='ltr'><strong>autor</strong></span> <span class='ocrx_word' id='word_1_107' title='bbox 643 1757 803 1828; x_wconf 82' lang='lat' dir='ltr'><strong>Macceb.</strong></span> <span class='ocrx_word' id='word_1_108' title='bbox 824 1765 864 1842; x_wconf 79' lang='lat' dir='ltr'><strong>b,</strong></span> <span class='ocrx_word' id='word_1_109' title='bbox 887 1756 1157 1850; x_wconf 64' lang='grc' dir='ltr'><strong>ὀκςφταιάθησαν</strong></span> <span class='ocrx_word' id='word_1_110' title='bbox 1180 1765 1205 1864; x_wconf 65' lang='lat' dir='ltr'><strong>»q</strong></span> <span class='ocrx_word' id='word_1_111' title='bbox 1225 1765 1307 1853; x_wconf 76' lang='grc' dir='ltr'><strong><em>ω’χυ·</em></strong></span> 
     </span>
     <span class='ocr_line' id='line_1_15' title="bbox 154 1849 1307 1950; baseline 0.004 -27"><span class='ocrx_word' id='word_1_112' title='bbox 154 1851 300 1950; x_wconf 60' lang='lat' dir='ltr'><strong>pedibusue</strong></span> <span class='ocrx_word' id='word_1_113' title='bbox 320 1854 512 1922; x_wconf 86' lang='lat' dir='ltr'><strong>corroborati</strong></span> <span class='ocrx_word' id='word_1_114' title='bbox 535 1850 578 1934; x_wconf 67' lang='lat'><strong>&amp;⁹</strong></span> <span class='ocrx_word' id='word_1_115' title='bbox 585 1849 732 1944; x_wconf 84' lang='lat' dir='ltr'><strong>firmiter</strong></span> <span class='ocrx_word' id='word_1_116' title='bbox 747 1855 867 1923; x_wconf 80' lang='lat' dir='ltr'><strong>muniti</strong></span> <span class='ocrx_word' id='word_1_117' title='bbox 877 1849 976 1940; x_wconf 81' lang='lat' dir='ltr'><strong>suut,</strong></span> <span class='ocrx_word' id='word_1_118' title='bbox 1004 1857 1228 1948; x_wconf 78' lang='lat' dir='ltr'><strong>elegeruntque</strong></span> <span class='ocrx_word' id='word_1_119' title='bbox 1243 1878 1307 1928; x_wconf 85' lang='lat' dir='ltr'><strong>rue·</strong></span> 
     </span>
     <span class='ocr_line' id='line_1_16' title="bbox 151 1946 1307 2046; baseline 0.003 -25"><span class='ocrx_word' id='word_1_120' title='bbox 151 1955 190 2022; x_wconf 87' lang='lat' dir='ltr'><strong>ri</strong></span> <span class='ocrx_word' id='word_1_121' title='bbox 216 1951 355 2041; x_wconf 89' lang='lat' dir='ltr'><strong>potius,</strong></span> <span class='ocrx_word' id='word_1_122' title='bbox 381 1969 485 2041; x_wconf 86' lang='lat' dir='ltr'><strong>quam</strong></span> <span class='ocrx_word' id='word_1_123' title='bbox 508 1949 622 2044; x_wconf 86' lang='lat' dir='ltr'><strong>legem</strong></span> <span class='ocrx_word' id='word_1_124' title='bbox 645 1949 793 2034; x_wconf 74' lang='lat' dir='ltr'><strong>uiolare.</strong></span> <span class='ocrx_word' id='word_1_125' title='bbox 849 1946 958 2046; x_wconf 85' lang='lat' dir='ltr'><strong>Quod</strong></span> <span class='ocrx_word' id='word_1_126' title='bbox 980 1949 1128 2023; x_wconf 87' lang='lat' dir='ltr'><strong>durante</strong></span> <span class='ocrx_word' id='word_1_127' title='bbox 1146 1949 1307 2044; x_wconf 87' lang='lat' dir='ltr'><strong>persecu·</strong></span> 
     </span>
    </p>
   </div>
   <div class='ocr_carea' id='block_1_3' title="bbox 40 2044 1436 2428">
    <p class='ocr_par' dir='ltr' id='par_1_3' title="bbox 40 2044 1436 2428">
     <span class='ocr_line' id='line_1_17' title="bbox 50 2044 1306 2140; baseline 0.005 -21"><span class='ocrx_word' id='word_1_128' title='bbox 50 2093 51 2097; x_wconf 20' lang='grc' dir='ltr'><strong><em>κ</em></strong></span> <span class='ocrx_word' id='word_1_129' title='bbox 154 2047 261 2120; x_wconf 90' lang='lat' dir='ltr'><strong>tione</strong></span> <span class='ocrx_word' id='word_1_130' title='bbox 284 2048 389 2120; x_wconf 89' lang='lat' dir='ltr'><strong>etiam</strong></span> <span class='ocrx_word' id='word_1_131' title='bbox 414 2044 673 2138; x_wconf 78' lang='lat' dir='ltr'><strong>praestiterunt,</strong></span> <span class='ocrx_word' id='word_1_132' title='bbox 703 2049 756 2121; x_wconf 90' lang='lat' dir='ltr'><strong>uti</strong></span> <span class='ocrx_word' id='word_1_133' title='bbox 772 2045 815 2119; x_wconf 90' lang='lat' dir='ltr'><strong>ad</strong></span> <span class='ocrx_word' id='word_1_134' title='bbox 827 2044 921 2124; x_wconf 78' lang='lat' dir='ltr'><strong>vers.</strong></span> <span class='ocrx_word' id='word_1_135' title='bbox 946 2069 1003 2140; x_wconf 75' lang='lat'><strong>33.</strong></span> <span class='ocrx_word' id='word_1_136' title='bbox 1027 2049 1243 2138; x_wconf 87' lang='lat' dir='ltr'><strong>videbimus,</strong></span> <span class='ocrx_word' id='word_1_137' title='bbox 1270 2051 1306 2125; x_wconf 85' lang='lat' dir='ltr'><strong>dt</strong></span> 
     </span>
     <span class='ocr_line' id='line_1_18' title="bbox 153 2141 1427 2234; baseline 0.005 -19"><span class='ocrx_word' id='word_1_138' title='bbox 153 2165 204 2216; x_wconf 83' lang='lat' dir='ltr'><strong>ex</strong></span> <span class='ocrx_word' id='word_1_139' title='bbox 226 2141 367 2214; x_wconf 90' lang='lat' dir='ltr'><strong>historia</strong></span> <span class='ocrx_word' id='word_1_140' title='bbox 388 2143 534 2217; x_wconf 87' lang='lat' dir='ltr'><strong>constat.</strong></span> <span class='ocrx_word' id='word_1_141' title='bbox 590 2145 680 2232; x_wconf 88' lang='lat' dir='ltr'><strong>Sed,</strong></span> <span class='ocrx_word' id='word_1_142' title='bbox 713 2144 920 2216; x_wconf 78' lang='lat' dir='ltr'><strong>Maccabeis</strong></span> <span class='ocrx_word' id='word_1_143' title='bbox 947 2144 1126 2234; x_wconf 88' lang='lat' dir='ltr'><strong>ducibus,</strong></span> <span class='ocrx_word' id='word_1_144' title='bbox 1166 2148 1304 2220; x_wconf 82' lang='lat' dir='ltr'><strong>causant</strong></span> <span class='ocrx_word' id='word_1_145' title='bbox 1337 2193 1348 2210; x_wconf 86' lang='lat'><strong>.·</strong></span> <span class='ocrx_word' id='word_1_146' title='bbox 1424 2183 1427 2190; x_wconf 91' lang='lat'>·</span> 
     </span>
     <span class='ocr_line' id='line_1_19' title="bbox 154 2238 1436 2334; baseline 0.003 -23"><span class='ocrx_word' id='word_1_147' title='bbox 154 2239 315 2311; x_wconf 87' lang='lat' dir='ltr'><strong>foederis</strong></span> <span class='ocrx_word' id='word_1_148' title='bbox 344 2238 450 2311; x_wconf 75' lang='lat' dir='ltr'><strong>sancii</strong></span> <span class='ocrx_word' id='word_1_149' title='bbox 476 2253 546 2311; x_wconf 91' lang='lat' dir='ltr'><strong>tam</strong></span> <span class='ocrx_word' id='word_1_150' title='bbox 575 2239 715 2311; x_wconf 88' lang='lat' dir='ltr'><strong>strenue</strong></span> <span class='ocrx_word' id='word_1_151' title='bbox 739 2239 922 2334; x_wconf 86' lang='lat' dir='ltr'><strong>progressu</strong></span> <span class='ocrx_word' id='word_1_152' title='bbox 943 2243 1114 2332; x_wconf 84' lang='lat' dir='ltr'><strong>temporis</strong></span> <span class='ocrx_word' id='word_1_153' title='bbox 1135 2256 1305 2332; x_wconf 78' lang='lat' dir='ltr'><strong>egerunt,</strong></span> <span class='ocrx_word' id='word_1_154' title='bbox 1433 2259 1436 2264; x_wconf 88' lang='grc'><em>·</em></span> 
     </span>
     <span class='ocr_line' id='line_1_20' title="bbox 40 2331 1305 2428; baseline 0.004 -22"><span class='ocrx_word' id='word_1_155' title='bbox 40 2410 54 2416; x_wconf 70' lang='grc'><strong>,</strong></span> <span class='ocrx_word' id='word_1_156' title='bbox 158 2351 202 2407; x_wconf 82' lang='grc' dir='ltr'><strong>ιιι</strong></span> <span class='ocrx_word' id='word_1_157' title='bbox 223 2331 377 2405; x_wconf 89' lang='lat' dir='ltr'><strong>hostibus</strong></span> <span class='ocrx_word' id='word_1_158' title='bbox 400 2333 545 2406; x_wconf 75' lang='lat' dir='ltr'><strong>devitiis</strong></span> <span class='ocrx_word' id='word_1_159' title='bbox 567 2333 661 2407; x_wconf 87' lang='lat' dir='ltr'><strong>sacra</strong></span> <span class='ocrx_word' id='word_1_160' title='bbox 677 2331 928 2420; x_wconf 84' lang='lat' dir='ltr'><strong>instaurarint,</strong></span> <span class='ocrx_word' id='word_1_161' title='bbox 969 2336 1050 2408; x_wconf 93' lang='lat' dir='ltr'><strong>dein</strong></span> <span class='ocrx_word' id='word_1_162' title='bbox 1073 2339 1245 2428; x_wconf 87' lang='lat' dir='ltr'><strong>populum</strong></span> <span class='ocrx_word' id='word_1_163' title='bbox 1266 2340 1305 2412; x_wconf 90' lang='lat' dir='ltr'><strong>in</strong></span> 
     </span>
    </p>
   </div>
   <div class='ocr_carea' id='block_1_4' title="bbox 150 2429 1320 4103">
    <p class='ocr_par' dir='ltr' id='par_1_4' title="bbox 150 2429 1320 4103">
     <span class='ocr_line' id='line_1_21' title="bbox 156 2429 1306 2526; baseline 0.006 -24"><span class='ocrx_word' id='word_1_164' title='bbox 156 2431 360 2503; x_wconf 88' lang='lat' dir='ltr'><strong>libertatem</strong></span> <span class='ocrx_word' id='word_1_165' title='bbox 384 2429 616 2516; x_wconf 86' lang='lat' dir='ltr'><strong>vindicarint,</strong></span> <span class='ocrx_word' id='word_1_166' title='bbox 651 2431 810 2521; x_wconf 84' lang='lat' dir='ltr'><strong>&amp;remp</strong></span> <span class='ocrx_word' id='word_1_167' title='bbox 826 2430 1008 2504; x_wconf 82' lang='lat' dir='ltr'><strong>erexerint</strong></span> <span class='ocrx_word' id='word_1_168' title='bbox 1025 2430 1306 2526; x_wconf 83' lang='lat' dir='ltr'><strong>gloriofiffirnam.</strong></span> 
     </span>
     <span class='ocr_line' id='line_1_22' title="bbox 156 2525 1320 2626; baseline 0.001 -24"><span class='ocrx_word' id='word_1_169' title='bbox 156 2525 218 2602; x_wconf 91' lang='lat' dir='ltr'><strong>De</strong></span> <span class='ocrx_word' id='word_1_170' title='bbox 241 2549 312 2619; x_wconf 90' lang='lat' dir='ltr'><strong>quo</strong></span> <span class='ocrx_word' id='word_1_171' title='bbox 336 2525 467 2620; x_wconf 88' lang='lat' dir='ltr'><strong>postea.</strong></span> <span class='ocrx_word' id='word_1_172' title='bbox 518 2525 608 2626; x_wconf 88' lang='lat' dir='ltr'><strong>Quae</strong></span> <span class='ocrx_word' id='word_1_173' title='bbox 630 2548 711 2601; x_wconf 89' lang='lat' dir='ltr'><strong>curn</strong></span> <span class='ocrx_word' id='word_1_174' title='bbox 725 2525 841 2598; x_wconf 87' lang='lat' dir='ltr'><strong>facilia</strong></span> <span class='ocrx_word' id='word_1_175' title='bbox 855 2525 940 2615; x_wconf 87' lang='lat' dir='ltr'><strong>srnt,</strong></span> <span class='ocrx_word' id='word_1_176' title='bbox 966 2527 1001 2599; x_wconf 82' lang='lat' dir='ltr'><strong>dt</strong></span> <span class='ocrx_word' id='word_1_177' title='bbox 1015 2527 1085 2600; x_wconf 91' lang='lat' dir='ltr'><strong>sese</strong></span> <span class='ocrx_word' id='word_1_178' title='bbox 1105 2528 1229 2622; x_wconf 89' lang='lat' dir='ltr'><strong>sponte</strong></span> <span class='ocrx_word' id='word_1_179' title='bbox 1245 2529 1320 2604; x_wconf 84' lang='lat' dir='ltr'><strong>sua</strong></span> 
     </span>
     <span class='ocr_line' id='line_1_23' title="bbox 157 2623 1306 2718; baseline 0.002 -18"><span class='ocrx_word' id='word_1_180' title='bbox 157 2623 434 2711; x_wconf 89' lang='lat' dir='ltr'><strong>commendent,</strong></span> <span class='ocrx_word' id='word_1_181' title='bbox 460 2641 680 2718; x_wconf 90' lang='lat' dir='ltr'><strong>quantopere</strong></span> <span class='ocrx_word' id='word_1_182' title='bbox 700 2625 749 2696; x_wconf 92' lang='lat' dir='ltr'><strong>illi</strong></span> <span class='ocrx_word' id='word_1_183' title='bbox 772 2626 957 2711; x_wconf 87' lang='lat' dir='ltr'><strong>aberrent,</strong></span> <span class='ocrx_word' id='word_1_184' title='bbox 992 2627 1050 2718; x_wconf 91' lang='lat' dir='ltr'><strong>qui</strong></span> <span class='ocrx_word' id='word_1_185' title='bbox 1067 2643 1235 2713; x_wconf 85' lang='lat' dir='ltr'><strong>vertunt,</strong></span> <span class='ocrx_word' id='word_1_186' title='bbox 1262 2627 1306 2711; x_wconf 64' lang='grc' dir='ltr'><strong>δ’</strong></span> 
     </span>
     <span class='ocr_line' id='line_1_24' title="bbox 150 2720 1306 2822; baseline 0.003 -26"><span class='ocrx_word' id='word_1_187' title='bbox 150 2727 309 2822; x_wconf 82' lang='lat' dir='ltr'><strong>populum</strong></span> <span class='ocrx_word' id='word_1_188' title='bbox 328 2729 584 2820; x_wconf 83' lang='lat' dir='ltr'><strong>cognoscentium</strong></span> <span class='ocrx_word' id='word_1_189' title='bbox 605 2723 715 2795; x_wconf 87' lang='lat' dir='ltr'><strong>Deum</strong></span> <span class='ocrx_word' id='word_1_190' title='bbox 726 2720 822 2812; x_wconf 80' lang='lat' dir='ltr'><strong>suum</strong></span> <span class='ocrx_word' id='word_1_191' title='bbox 838 2727 1033 2816; x_wconf 82' lang='lat' dir='ltr'><strong>corripient,</strong></span> <span class='ocrx_word' id='word_1_192' title='bbox 1060 2724 1119 2796; x_wconf 92' lang='lat' dir='ltr'><strong>seu</strong></span> <span class='ocrx_word' id='word_1_193' title='bbox 1133 2747 1153 2796; x_wconf 92' lang='lat' dir='ltr'><strong>a</strong></span> <span class='ocrx_word' id='word_1_194' title='bbox 1167 2725 1306 2822; x_wconf 86' lang='lat' dir='ltr'><strong>religio·</strong></span> 
     </span>
     <span class='ocr_line' id='line_1_25' title="bbox 155 2819 1305 2916; baseline 0 -19"><span class='ocrx_word' id='word_1_195' title='bbox 155 2843 203 2897; x_wconf 91' lang='lat' dir='ltr'><strong>ne</strong></span> <span class='ocrx_word' id='word_1_196' title='bbox 229 2833 318 2896; x_wconf 85' lang='lat' dir='ltr'><strong>vera</strong></span> <span class='ocrx_word' id='word_1_197' title='bbox 330 2819 582 2908; x_wconf 86' lang='lat' dir='ltr'><strong>abstrahendo,</strong></span> <span class='ocrx_word' id='word_1_198' title='bbox 608 2819 667 2894; x_wconf 90' lang='lat' dir='ltr'><strong>seu</strong></span> <span class='ocrx_word' id='word_1_199' title='bbox 681 2819 1172 2916; x_wconf 81' lang='lat' dir='ltr'><strong>adfligendodetrucidando,</strong></span> <span class='ocrx_word' id='word_1_200' title='bbox 1198 2825 1305 2897; x_wconf 89' lang='lat' dir='ltr'><strong>adeo-</strong></span> 
     </span>
     <span class='ocr_line' id='line_1_26' title="bbox 155 2917 1304 3016; baseline 0.001 -23"><span class='ocrx_word' id='word_1_201' title='bbox 155 2941 226 3015; x_wconf 90' lang='lat' dir='ltr'><strong>que</strong></span> <span class='ocrx_word' id='word_1_202' title='bbox 245 2923 288 2992; x_wconf 90' lang='lat' dir='ltr'><strong>de</strong></span> <span class='ocrx_word' id='word_1_203' title='bbox 304 2918 460 2992; x_wconf 87' lang='lat' dir='ltr'><strong>hostibus</strong></span> <span class='ocrx_word' id='word_1_204' title='bbox 471 2941 537 2994; x_wconf 90' lang='lat' dir='ltr'><strong>eos</strong></span> <span class='ocrx_word' id='word_1_205' title='bbox 552 2917 822 3012; x_wconf 87' lang='lat' dir='ltr'><strong>adprehensuris</strong></span> <span class='ocrx_word' id='word_1_206' title='bbox 836 2919 1058 3016; x_wconf 88' lang='lat' dir='ltr'><strong>intelligunt,</strong></span> <span class='ocrx_word' id='word_1_207' title='bbox 1086 2922 1137 2995; x_wconf 93' lang='lat' dir='ltr'><strong>uti</strong></span> <span class='ocrx_word' id='word_1_208' title='bbox 1152 2921 1304 3014; x_wconf 88' lang='lat' dir='ltr'><strong>Gejems</strong></span> 
     </span>
     <span class='ocr_line' id='line_1_27' title="bbox 156 3015 1305 3112; baseline 0.005 -24"><span class='ocrx_word' id='word_1_209' title='bbox 156 3037 297 3108; x_wconf 91' lang='lat' dir='ltr'><strong>quoque</strong></span> <span class='ocrx_word' id='word_1_210' title='bbox 321 3017 353 3088; x_wconf 80' lang='lat' dir='ltr'><strong>te</strong></span> <span class='ocrx_word' id='word_1_211' title='bbox 371 3016 442 3106; x_wconf 92' lang='lat' dir='ltr'><strong>ipse</strong></span> <span class='ocrx_word' id='word_1_212' title='bbox 459 3015 699 3112; x_wconf 87' lang='lat' dir='ltr'><strong>Jungmannus</strong></span> <span class='ocrx_word' id='word_1_213' title='bbox 715 3056 756 3102; x_wconf 82' lang='lat' dir='ltr'><strong>c,</strong></span> <span class='ocrx_word' id='word_1_214' title='bbox 783 3017 908 3108; x_wconf 85' lang='lat' dir='ltr'><strong>aliique</strong></span> <span class='ocrx_word' id='word_1_215' title='bbox 923 3016 1135 3108; x_wconf 88' lang='lat' dir='ltr'><strong>instituunt,</strong></span> <span class='ocrx_word' id='word_1_216' title='bbox 1151 3036 1191 3094; x_wconf 89' lang='lat' dir='ltr'><strong>ut</strong></span> <span class='ocrx_word' id='word_1_217' title='bbox 1206 3021 1305 3094; x_wconf 91' lang='lat' dir='ltr'><strong>evin·</strong></span> 
     </span>
     <span class='ocr_line' id='line_1_28' title="bbox 157 3109 1303 3210; baseline 0.011 -31"><span class='ocrx_word' id='word_1_218' title='bbox 157 3134 235 3188; x_wconf 83' lang='lat' dir='ltr'><strong>cam</strong></span> <span class='ocrx_word' id='word_1_219' title='bbox 258 3112 319 3184; x_wconf 87' lang='lat' dir='ltr'><strong>vix</strong></span> <span class='ocrx_word' id='word_1_220' title='bbox 341 3132 429 3202; x_wconf 91' lang='lat' dir='ltr'><strong>opus</strong></span> <span class='ocrx_word' id='word_1_221' title='bbox 452 3111 513 3184; x_wconf 90' lang='lat' dir='ltr'><strong>est.</strong></span> <span class='ocrx_word' id='word_1_222' title='bbox 568 3133 599 3186; x_wconf 87' lang='lat'><strong>1.</strong></span> <span class='ocrx_word' id='word_1_223' title='bbox 629 3109 733 3181; x_wconf 87' lang='lat' dir='ltr'><strong>Prius</strong></span> <span class='ocrx_word' id='word_1_224' title='bbox 755 3118 953 3187; x_wconf 89' lang='lat' dir='ltr'><strong>membrum</strong></span> <span class='ocrx_word' id='word_1_225' title='bbox 970 3137 1051 3190; x_wconf 87' lang='lat' dir='ltr'><strong>cunr</strong></span> <span class='ocrx_word' id='word_1_226' title='bbox 1065 3116 1109 3188; x_wconf 90' lang='lat' dir='ltr'><strong>de</strong></span> <span class='ocrx_word' id='word_1_227' title='bbox 1124 3118 1303 3210; x_wconf 91' lang='lat' dir='ltr'><strong>improbo·</strong></span> 
     </span>
     <span class='ocr_line' id='line_1_29' title="bbox 156 3205 1302 3306; baseline 0.004 -23"><span class='ocrx_word' id='word_1_228' title='bbox 156 3231 236 3283; x_wconf 88' lang='lat' dir='ltr'><strong>rum</strong></span> <span class='ocrx_word' id='word_1_229' title='bbox 259 3207 399 3280; x_wconf 81' lang='lat' dir='ltr'><strong>excidio</strong></span> <span class='ocrx_word' id='word_1_230' title='bbox 421 3223 520 3300; x_wconf 85' lang='lat' dir='ltr'><strong>agat,</strong></span> <span class='ocrx_word' id='word_1_231' title='bbox 560 3225 598 3278; x_wconf 89' lang='lat' dir='ltr'><strong>ut</strong></span> <span class='ocrx_word' id='word_1_232' title='bbox 624 3205 880 3294; x_wconf 88' lang='lat' dir='ltr'><strong>demonstravi,</strong></span> <span class='ocrx_word' id='word_1_233' title='bbox 912 3211 998 3282; x_wconf 91' lang='lat' dir='ltr'><strong>nihil</strong></span> <span class='ocrx_word' id='word_1_234' title='bbox 1013 3217 1245 3306; x_wconf 91' lang='lat' dir='ltr'><strong>opportunius</strong></span> <span class='ocrx_word' id='word_1_235' title='bbox 1264 3215 1302 3288; x_wconf 92' lang='lat' dir='ltr'><strong>in</strong></span> 
     </span>
     <span class='ocr_line' id='line_1_30' title="bbox 155 3299 1304 3406; baseline 0.001 -24"><span class='ocrx_word' id='word_1_236' title='bbox 155 3306 312 3406; x_wconf 86' lang='lat' dir='ltr'><strong>generali</strong></span> <span class='ocrx_word' id='word_1_237' title='bbox 328 3303 570 3396; x_wconf 83' lang='lat' dir='ltr'><strong>propositione</strong></span> <span class='ocrx_word' id='word_1_238' title='bbox 587 3315 723 3374; x_wconf 85' lang='lat' dir='ltr'><strong>euentus</strong></span> <span class='ocrx_word' id='word_1_239' title='bbox 737 3299 960 3388; x_wconf 79' lang='lat' dir='ltr'><strong>adflidiionis,</strong></span> <span class='ocrx_word' id='word_1_240' title='bbox 984 3329 1086 3396; x_wconf 89' lang='lat' dir='ltr'><strong>quarn</strong></span> <span class='ocrx_word' id='word_1_241' title='bbox 1104 3325 1142 3382; x_wconf 88' lang='lat' dir='ltr'><strong>ut</strong></span> <span class='ocrx_word' id='word_1_242' title='bbox 1156 3311 1191 3402; x_wconf 87' lang='lat' dir='ltr'><strong>in</strong></span> <span class='ocrx_word' id='word_1_243' title='bbox 1204 3308 1304 3402; x_wconf 78' lang='lat' dir='ltr'><strong>polie-</strong></span> 
     </span>
     <span class='ocr_line' id='line_1_31' title="bbox 154 3395 1303 3495; baseline 0.003 -19"><span class='ocrx_word' id='word_1_244' title='bbox 154 3412 239 3477; x_wconf 87' lang='lat' dir='ltr'><strong>riore</strong></span> <span class='ocrx_word' id='word_1_245' title='bbox 261 3403 422 3476; x_wconf 88' lang='lat' dir='ltr'><strong>membro</strong></span> <span class='ocrx_word' id='word_1_246' title='bbox 448 3400 550 3494; x_wconf 87' lang='lat' dir='ltr'><strong>longe</strong></span> <span class='ocrx_word' id='word_1_247' title='bbox 563 3395 701 3472; x_wconf 53' lang='lat' dir='ltr'><strong>‘diversa</strong></span> <span class='ocrx_word' id='word_1_248' title='bbox 717 3395 946 3474; x_wconf 88' lang='lat' dir='ltr'><strong>studiosorum</strong></span> <span class='ocrx_word' id='word_1_249' title='bbox 966 3402 1051 3495; x_wconf 83' lang='lat' dir='ltr'><strong>legis</strong></span> <span class='ocrx_word' id='word_1_250' title='bbox 1065 3402 1139 3476; x_wconf 91' lang='lat' dir='ltr'><strong>fors</strong></span> <span class='ocrx_word' id='word_1_251' title='bbox 1155 3405 1303 3480; x_wconf 80' lang='lat' dir='ltr'><strong>felicissi-</strong></span> 
     </span>
     <span class='ocr_line' id='line_1_32' title="bbox 154 3495 1303 3611; baseline -0.001 -33"><span class='ocrx_word' id='word_1_252' title='bbox 154 3525 213 3578; x_wconf 89' lang='lat' dir='ltr'><strong>ma</strong></span> <span class='ocrx_word' id='word_1_253' title='bbox 239 3501 272 3572; x_wconf 84' lang='lat' dir='ltr'><strong>dt</strong></span> <span class='ocrx_word' id='word_1_254' title='bbox 294 3498 588 3589; x_wconf 85' lang='lat' dir='ltr'><strong>triumphabunda</strong></span> <span class='ocrx_word' id='word_1_255' title='bbox 611 3512 818 3589; x_wconf 87' lang='lat' dir='ltr'><strong>exponatur.</strong></span> <span class='ocrx_word' id='word_1_256' title='bbox 876 3520 904 3570; x_wconf 81' lang='lat' dir='ltr'><strong>a.</strong></span> <span class='ocrx_word' id='word_1_257' title='bbox 936 3495 1098 3573; x_wconf 91' lang='lat' dir='ltr'><strong>Verbum</strong></span> <span class='ocrx_word' id='word_1_258' title='bbox 1122 3527 1208 3611; x_wconf 77' lang='lat' dir='ltr'><strong>puprr</strong></span> <span class='ocrx_word' id='word_1_259' title='bbox 1229 3503 1303 3577; x_wconf 84' lang='lat' dir='ltr'><strong>sese</strong></span> 
     </span>
     <span class='ocr_line' id='line_1_33' title="bbox 156 3593 1301 3697; baseline -0.001 -24"><span class='ocrx_word' id='word_1_260' title='bbox 156 3600 199 3674; x_wconf 89' lang='lat' dir='ltr'><strong>ad</strong></span> <span class='ocrx_word' id='word_1_261' title='bbox 231 3597 536 3692; x_wconf 89' lang='lat' dir='ltr'><strong>persecutionem,</strong></span> <span class='ocrx_word' id='word_1_262' title='bbox 575 3596 687 3668; x_wconf 92' lang='lat' dir='ltr'><strong>multo</strong></span> <span class='ocrx_word' id='word_1_263' title='bbox 716 3595 828 3668; x_wconf 89' lang='lat' dir='ltr'><strong>minus</strong></span> <span class='ocrx_word' id='word_1_264' title='bbox 856 3593 1122 3671; x_wconf 79' lang='lat' dir='ltr'><strong>abstradtionenr</strong></span> <span class='ocrx_word' id='word_1_265' title='bbox 1155 3599 1301 3697; x_wconf 83' lang='lat' dir='ltr'><strong>alege,</strong></span> 
     </span>
     <span class='ocr_line' id='line_1_34' title="bbox 157 3692 1303 3791; baseline 0 -18"><span class='ocrx_word' id='word_1_266' title='bbox 157 3695 342 3774; x_wconf 89' lang='lat' dir='ltr'><strong>transferri</strong></span> <span class='ocrx_word' id='word_1_267' title='bbox 363 3717 436 3770; x_wconf 90' lang='lat' dir='ltr'><strong>non</strong></span> <span class='ocrx_word' id='word_1_268' title='bbox 462 3695 619 3790; x_wconf 89' lang='lat' dir='ltr'><strong>patitur,</strong></span> <span class='ocrx_word' id='word_1_269' title='bbox 645 3692 778 3772; x_wconf 71' lang='lat' dir='ltr'><strong>minus.</strong></span> <span class='ocrx_word' id='word_1_270' title='bbox 807 3693 868 3767; x_wconf 92' lang='lat' dir='ltr'><strong>ubi</strong></span> <span class='ocrx_word' id='word_1_271' title='bbox 889 3695 1048 3771; x_wconf 86' lang='lat' dir='ltr'><strong>absolute</strong></span> <span class='ocrx_word' id='word_1_272' title='bbox 1071 3695 1244 3791; x_wconf 89' lang='lat' dir='ltr'><strong>ponitur,</strong></span> <span class='ocrx_word' id='word_1_273' title='bbox 1267 3699 1303 3773; x_wconf 81' lang='lat' dir='ltr'><strong>dt</strong></span> 
     </span>
     <span class='ocr_line' id='line_1_35' title="bbox 191 3789 1301 3882; baseline 0.008 -21"><span class='ocrx_word' id='word_1_274' title='bbox 191 3831 195 3838; x_wconf 94' lang='lat'>·</span> <span class='ocrx_word' id='word_1_275' title='bbox 306 3837 310 3851; x_wconf 52' lang='grc' dir='ltr'>ι</span> <span class='ocrx_word' id='word_1_276' title='bbox 716 3789 792 3862; x_wconf 91' lang='lat' dir='ltr'><strong>liii</strong></span> <span class='ocrx_word' id='word_1_277' title='bbox 847 3797 849 3802; x_wconf 88' lang='grc'><strong>’</strong></span> <span class='ocrx_word' id='word_1_278' title='bbox 1234 3815 1301 3882; x_wconf 71' lang='lat' dir='ltr'><strong>nur</strong></span> 
     </span>
     <span class='ocr_line' id='line_1_36' title="bbox 155 3927 1301 4032; baseline 0.006 -28"><span class='ocrx_word' id='word_1_279' title='bbox 155 3927 306 4005; x_wconf 64' lang='lat' dir='ltr'><strong>‘&#39;averl.</strong></span> <span class='ocrx_word' id='word_1_280' title='bbox 334 3958 360 4016; x_wconf 85' lang='grc' dir='ltr'><strong>ς,</strong></span> <span class='ocrx_word' id='word_1_281' title='bbox 385 3959 411 4017; x_wconf 87' lang='lat'><strong>7.</strong></span> <span class='ocrx_word' id='word_1_282' title='bbox 488 3942 695 4032; x_wconf 76' lang='lat' dir='ltr'><strong>¹ltMatc.</strong></span> <span class='ocrx_word' id='word_1_283' title='bbox 720 3945 821 4010; x_wconf 78' lang='lat'><em>1:62.</em></span> <span class='ocrx_word' id='word_1_284' title='bbox 961 3943 1127 4014; x_wconf 75' lang='lat' dir='ltr'><strong>radoan.</strong></span> <span class='ocrx_word' id='word_1_285' title='bbox 1151 3942 1301 4030; x_wconf 47' lang='lat' dir='ltr'><strong>lustu.</strong></span> 
     </span>
     <span class='ocr_line' id='line_1_37' title="bbox 158 4037 1261 4103; baseline 0 -17"><span class='ocrx_word' id='word_1_286' title='bbox 158 4037 483 4103; x_wconf 62' lang='lat' dir='ltr'><strong>11.c.‚15.p.412.·</strong></span> <span class='ocrx_word' id='word_1_287' title='bbox 560 4046 564 4056; x_wconf 96' lang='lat'>·</span> <span class='ocrx_word' id='word_1_288' title='bbox 843 4054 860 4078; x_wconf 71' lang='lat'><strong>›.</strong></span> <span class='ocrx_word' id='word_1_289' title='bbox 929 4059 932 4068; x_wconf 69' lang='lat'><strong>,</strong></span> <span class='ocrx_word' id='word_1_290' title='bbox 1026 4057 1030 4068; x_wconf 82' lang='lat'><strong>·</strong></span> <span class='ocrx_word' id='word_1_291' title='bbox 1124 4067 1169 4072; x_wconf 84' lang='lat'><strong>--</strong></span> <span class='ocrx_word' id='word_1_292' title='bbox 1257 4063 1261 4078; x_wconf 79' lang='lat'><em>·</em></span> 
     </span>
    </p>
   </div>
   <div class='ocr_carea' id='block_1_5' title="bbox 0 0 1718 4742">
    <p class='ocr_par' dir='ltr' id='par_1_5' title="bbox 0 0 1718 4742">
     <span class='ocr_line' id='line_1_38' title="bbox 0 0 1718 4742; baseline 0 3"><span class='ocrx_word' id='word_1_293' title='bbox 0 0 1718 4742; x_wconf 95' lang='lat' dir='ltr'><strong> </strong></span> 
     </span>
    </p>
   </div>
  </div>
 </body>
</html>
