3444 4778
397 423 509 524 ²57⁶
603 385 1416 491 cotumau‘vnnrus

438 587 576 680 itaque,
601 601 642 658 ut
661 581 808 656 oratore
832 580 867 650 in
881 577 961 650 luce
978 594 1033 647 res
1046 573 1290 662 collocentur:
1315 571 1461 672 singulas
1478 577 1583 671 pbra⁴

438 683 489 758 ses
506 681 722 757 illustrando.
775 675 824 748 Et
847 675 906 747 duo
929 679 1104 767 illtreges,
1130 671 1217 743 dicit
1230 671 1426 764 Propheta,
1453 677 1580 751 Antio·

438 786 525 854 chus
550 781 714 855 nimirum
731 776 763 847 u
778 774 988 846 Ptolemaeus
1005 770 1242 856 Philometor,
1268 769 1351 843 licet
1366 771 1423 843 hic
1436 772 1577 865 junior,

437 893 591 952 attamen
615 873 764 947 sedecim
778 874 848 962 jam
864 870 920 940 vel
935 867 1171 960 septendecim
1190 887 1384 958 annorum,
1410 889 1489 943 cum
1505 878 1580 944 dna.

439 976 594 1060 ,auresve
621 977 680 1043 seu
702 967 931 1063 proclamatio
956 964 1228 1059 &inauguratio
1253 964 1349 1056 ejus,
1384 987 1462 1058 quae
1481 991 1573 1044 anno

438 1074 549 1145 aetutis
579 1083 653 1158 14l0
676 1065 752 1138 fieri
779 1065 930 1151 solebat,
955 1063 1025 1153 jam
1046 1059 1243 1152 aliquandiu
1262 1078 1345 1133 ante
1365 1060 1576 1138 sueritcele-

437 1172 557 1255 brata:
584 1183 625 1239 ut
648 1167 749 1258 supra
769 1161 831 1234 suo
858 1163 942 1233 loco
962 1157 1167 1232 observavi:
1201 1175 1371 1250 praeterea
1393 1161 1466 1256 regi
1489 1162 1579 1238 solet

438 1265 612 1350 adtribui,
647 1260 741 1357 quod
764 1262 837 1352 ejus
860 1257 1005 1331 nomine
1026 1251 1086 1343 fit,
1113 1254 1368 1347 &aprimariis
1384 1259 1500 1330 aoitur
1514 1261 1576 1334 mi-

435 1362 570 1440 nistris,
596 1360 666 1432 five
690 1379 751 1429 rex
771 1371 873 1428 autor
897 1355 936 1426 srt
959 1373 1105 1425 necne.
1165 1350 1250 1448 Quo
1270 1353 1357 1425 nihil
1379 1319 1429 1426 esi
1444 1358 1575 1432 notius,

436 1459 540 1532 Vana
557 1479 643 1552 ergo
665 1455 766 1528 nimis
791 1452 841 1525 est
856 1447 1055 1537 difficultas,
1074 1471 1176 1546 quarn
1193 1451 1329 1538 movit,
1349 1467 1389 1524 ut
1404 1454 1514 1526 modo
1530 1455 1579 1528 di.

384 1601 385 1606 =
437 1557 494 1646 xi,
531 1555 778 1644 Hieronymus.
843 1549 900 1620 De
924 1549 1018 1619 hisce
1039 1547 1179 1641 regibus
1203 1547 1338 1620 duobus
1361 1551 1580 1640 praenunciat

426 1649 633 1746 Propheta,
661 1673 713 1722 cor
733 1669 838 1721 eorttm
853 1643 930 1736 fore
941 1651 1039 1734 prob,
1062 1665 1124 1715 non
1139 1645 1180 1714 ad
1193 1640 1494 1736 malefaciendum,
1521 1651 1581 1722 vel

437 1750 480 1823 ad
502 1754 644 1826 maleam,
670 1747 720 1818 uti
746 1746 960 1834 Interpretcs
984 1756 1151 1827 vertunt,
1178 1739 1255 1829 sed,
1281 1761 1327 1813 ex
1347 1743 1464 1817 nostra
1480 1767 1579 1823 men.

435 1843 501 1931 te,
532 1846 574 1916 ad
596 1857 799 1936 unguentum
823 1841 1009 1928 sinendum,
1041 1838 1076 1908 id
1100 1836 1170 1926 est,
1195 1835 1533 1934 fucum'faciendum,
1557 1867 1580 1920 a

434 1940 553 2016 radice
572 1959 636 2020 'pru
649 1935 797 2028 fricuit,
830 1933 940 2026 terfit‚
979 1939 1080 2008 multo
1103 1939 1166 2006 olco
1187 1933 1392 2028 constituit:
1418 1939 1509 2013 unde
1535 1943 1580 2016 ad

436 2037 561 2112 sucum
583 2035 817 2126 fraudesque,
842 2032 952 2106 nitida
974 2031 1088 2125 specie
1103 2032 1226 2120 illitas,
1253 2032 1348 2106 facili
1363 2035 1454 2112 flexu
1470 2053 1580 2113 trans·

435 2136 505 2225 iit:
543 2133 597 2207 uti
618 2132 758 2230 egregie
772 2151 847 2202 -nos
869 2129 991 2204 docuit
1011 2127 1064 2202 Cl.
1089 2127 1273 2204 Schultens
1293 2161 1337 2222 a,
1372 2133 1430 2207 hic
1450 2136 1582 2212 adeun·

436 2229 539 2319 dus,¹
560 2231 639 2327 qui,
679 2226 836 2303 nostrum
865 2245 1007 2321 quoque
1029 2228 1148 2299 locum
1169 2227 1275 2304 alium
1298 2251 1372 2304 non
1392 2231 1583 2310 admittere

435 2330 594 2419 sensum,
621 2328 786 2422 praeclare
805 2326 933 2413 evicit:
958 2345 1065 2417 quare
1087 2323 1171 2396 nihil
1187 2325 1288 2399 addo.
1346 2325 1482 2405 Fucato
1497 2332 1582 2408 huic

435 2425 576 2514 animo,
601 2423 802 2519 hypocrism
822 2422 985 2510 faventi,
1011 2422 1043 2493 u
1066 2421 1256 2497 amicitiam
1274 2422 1470 2520 simulanti,
1495 2452 1581 2507 con.

434 2526 625 2600 venienter
648 2521 776 2594 foedus
799 2533 992 2614 pangerent
1015 2519 1247 2594 mendaciter:
1287 2523 1380 2614 quod
1401 2526 1580 2621 Propheta

434 2621 489 2695 his
512 2619 654 2706 verbis,
691 2639 767 2710 quae
793 2615 1005 2710 sequuntur,
1042 2617 1223 2712 eleganter
1244 2618 1494 2715 repraesentat,
1534 2624 1580 2711 δ’

424 2715 615 2816 superum
635 2713 743 2804 mensa
765 2715 964 2786 menducium
987 2716 1175 2808 loquentur,
1189 2715 1237 2786 id
1250 2715 1327 2806 est,
1354 2718 1481 2795 foedus
1495 2725 1580 2798 ami·

431 2815 525 2886 citiae
550 2811 587 2882 dc
612 2811 744 2883 intima:
764 2808 1033 2896 adsociationls,
1070 2810 1216 2884 inimico
1244 2815 1416 2890 animo&
1442 2817 1572 2912 scopo,
1622 2859 1623 2862 ¹

432 2919 601 3003 pangent.
660 2901 800 2978 Phrasrs'
813 2905 927 2992 enim,
950 2903 1052 3002 supa
1076 2930 1143 2978 uno
1164 2909 1270 3002 mensa
1291 2915 1398 3009 loqui,
1429 2912 1575 3012 figurata

433 3002 486 3077 ost
505 3002 564 3074 vel
584 3001 838 3096 proverbialis,
865 3023 932 3094 pro
955 3001 1082 3077 foedus
1097 3007 1257 3080 amicitia
1273 3032 1448 3108 pangere,
1473 3015 1578 3092 unua

431 3098 609 3172 Veterum
638 3120 658 3172 a
690 3095 967 3192 consuetudine,
1005 3123 1072 3192 qua
1104 3101 1231 3177 foedus
1258 3105 1392 3183 solebat
1421 3121 1578 3199 conuiuio

432 3193 654 3287 confirmari,
693 3219 714 3270 a
739 3195 832 3272 Viris
852 3195 994 3286 nouis,
1025 3199 1172 3275 Stuckio
1191 3203 1229 3292 l,
1264 3203 1486 3284 Cudwortho
1505 3213 1576 3290 c&

431 3295 506 3369 aliis
530 3295 668 3369 abunde
693 3293 934 3386 comprobata.
982 3291 1066 3394 Quo
1089 3297 1228 3394 elegans
1244 3304 1345 3375 verbi
1364 3331 1419 3379 nm
1436 3311 1522 3404 loqui
1535 3333 1575 3383 u.

430 3391 507 3480 sus,
534 3415 604 3484 quo
629 3408 736 3488 pacem
760 3390 803 3476 sd
822 3397 1000 3466 amicitiam
1022 3393 1153 3466 ambire
1175 3395 1343 3486 denotat,
1376 3405 1483 3480 etiarn
1499 3422 1576 3482 ten·

430 3491 505 3578 dit:
533 3513 636 3584 quem
659 3489 763 3562 variis
783 3490 819 3564 in
840 3488 950 3578 loeis,
985 3511 1134 3583 quorum
1154 3494 1267 3586 aliqua
1287 3496 1379 3572 infra
1394 3501 1412 3558 d
1429 3503 1573 3598 citabo,

430 3585 596 3684 praesert:
622 3587 717 3681 quod
730 3585 810 3660 alias
828 3613 884 3661 :aa
895 3601 1007 3683 putem
1024 3591 1136 3684 toque
1151 3591 1287 3686 plenius
1303 3593 1466 3674 effertur.
1496 3600 1574 3675 Per-

1492 3697 1575 3772 inde

441 3806 483 3858 ,ι
506 3785 541 3844 ad
558 3785 642 3842 Prov.
662 3799 711 3842 xv:
730 3799 758 3856 4.
795 3757 798 3767 Ι
875 3787 891 3842 b
912 3784 1008 3860 Antiq.
1024 3788 1137 3862 convjv.
1152 3759 1170 3846 1'.
1191 3805 1217 3848 1.
1235 3807 1259 3848 c.
1281 3807 1327 3865 30·

477 3884 492 3922 e
513 3861 589 3921 Diss.
609 3859 644 3921 de
662 3877 751 3920 coena
769 3859 889 3920 Domini
909 3863 944 3921 ad
961 3864 1063 3925 calcem
1082 3863 1188 3944 system.
1207 3869 1344 3933 Intelleu.
1361 3871 1428 3934 edit.
1445 3877 1574 3937 Mosbei·

442 3942 500 3998 nni.
609 3937 627 3994 d
643 3939 701 4014 ves.
715 3956 783 4002 xix:
799 3945 846 4004 18.
861 3939 905 4006 Ps.
919 3957 983 4014 cru:
1000 3959 1025 4022 z.
1044 3943 1108 4025 Job·
1129 3961 1182 4016 aa:
1199 3963 1248 4026 ez.
1326 3968 1340 4014 e
1362 3953 1437 4024 Gen.
1453 3957 1569 4025 mvn:

433 4033 463 4100 4
485 4015 530 4079 Ps
546 4031 639 4079 caan:
655 4021 681 4082 8.
