3426 4756
328 442 334 454 “
444 439 518 518 290
621 421 1444 505 DISSERTATIONES

442 591 513 684 dit,
539 595 599 673 sed
621 601 733 696 ipsum
752 603 929 704 Angelum
952 604 1126 698 Jchovae,
1152 620 1198 674 eo
1222 597 1329 677 titulo
1356 601 1393 676 in
1408 601 1594 698 Scriptum

442 685 489 764 V.
520 695 566 768 T.
597 699 820 778 notillimum.
884 727 913 777 1.
945 703 1040 802 Quia
1064 697 1226 774 Pontifex
1247 697 1396 772 nonest
1422 701 1591 800 princeps

440 799 600 868 exercitur
613 796 725 894 sacri,
751 801 785 873 dc
808 797 932 874 stellati
953 803 1031 873 coeli
1054 797 1249 884 Dominus,
1275 796 1443 872 sedunus
1463 821 1591 890 exeo,

441 905 520 978 pars
546 901 747 984 exercitus,
785 899 868 974 licet
889 898 1030 990 reliquis
1048 895 1301 982 excellentior,
1333 891 1464 986 stella,
1505 897 1592 974 licet

440 985 563 1076 primae
586 995 846 1090 magnitudinis.
899 1018 932 1070 2.
957 993 1031 1093 Qui
1048 994 1105 1067 hic
1121 997 1270 1087 princeps
1288 999 1468 1080 exercitur,
1494 994 1591 1072 idem

441 1079 491 1156 vs.
523 1108 579 1178 25·
611 1105 761 1186 princeps
781 1098 966 1188 principum
987 1091 1200 1185 adpellatur3
1235 1088 1278 1161 de
1302 1110 1372 1181 quo
1393 1087 1497 1190 supra
1519 1093 1589 1190 egi.
1711 1167 1712 1182 2

441 1198 476 1270 3.
498 1179 692 1278 Templum
724 1211 894 1284 nusquam
915 1190 1065 1278 dicitur,
1102 1209 1169 1261 nec
1193 1183 1327 1280 potest,
1367 1189 1591 1263 habitaculum
1711 1241 1712 1246 a

429 1271 621 1388 [orbitatis
646 1281 852 1380 Pontifiris,
878 1289 972 1383 quod
995 1288 1052 1360 hic
1066 1283 1189 1371 fieret,
1215 1299 1256 1358 ut
1279 1303 1324 1355 ex
1343 1283 1497 1358 relativo
1519 1287 1589 1384 ejus
1711 1297 1712 1386 ᾗ

439 1395 478 1448 an
503 1378 615 1469 phrasi
634 1384 821 1472 suabitatis
846 1388 936 1480 rjus,
960 1383 1093 1458 scilicet
1116 1379 1285 1476 Prrrrrr‘pr‘r
1300 1381 1505 1471 exercitus,
1534 1407 1589 1478 pa·
1711 1417 1712 1422 ¹

440 1485 505 1548 tet.
565 1500 601 1569 4.
628 1479 776 1570 Phrafis,
818 1481 951 1574 auferre
970 1483 1068 1577 juge,
1102 1501 1171 1555 nec
1195 1479 1285 1566 ulu,
1328 1498 1395 1551 uec
1414 1479 1589 1573 potestate

439 1567 520 1659 sua,
552 1588 625 1650 tarn
652 1579 780 1653 exilem
802 1577 938 1655 sensum
962 1581 1112 1672 patitur,
1147 1591 1187 1651 ut
1209 1592 1337 1669 praeter
1364 1571 1588 1670 Pontificatur

439 1671 699 1762 mutationem,
725 1677 760 1750 dc
782 1678 825 1750 ab
840 1687 909 1751 una
923 1677 966 1750 ad
982 1677 1083 1750 aliam
1099 1675 1281 1771 personam
1295 1673 1586 1768 translationem,

439 1785 607 1842 manente
635 1769 711 1862 ipso
732 1773 829 1846 cultu
852 1776 968 1864 sacro,
994 1774 1142 1848 denotet
1166 1770 1263 1845 nihil.
1311 1770 1421 1844 Onias
1437 1793 1586 1848 munere

327 1895 331 1902 ·
439 1873 578 1938 tantum
606 1883 723 1940 motus
745 1867 815 1957 est,
848 1870 882 1944 dr
906 1873 944 1944 in
966 1873 1040 1964 ejus
1064 1871 1183 1946 locun
1203 1864 1500 1961 succellitJason,
1525 1871 1585 1964 qui

438 1953 569 2066 Qniam
590 1959 847 2056 supplantavit,
873 1967 1141 2041 &Antiochum
1155 1964 1358 2042 muneribus
1374 1985 1585 2061 corruptum

436 2073 475 2126 rn
495 2052 569 2130 suas
591 2075 705 2150 partes
725 2063 843 2140 traxit.
893 2061 979 2162 Quo
1005 2061 1091 2137 nihil
1113 2061 1332 2156 frequentius
1353 2059 1424 2138 fuit
1448 2079 1584 2158 tempo·

435 2153 530 2228 ribus
553 2155 703 2231 Herodis
729 2162 781 2234 M.
805 2158 1087 2254 &sequentibus
1139 2179 1172 2249 5.
1198 2157 1278 2232 Nec
1291 2159 1443 2254 denique
1457 2162 1524 2236 hoc
1539 2159 1583 2236 ad

435 2254 621 2350 periodum
644 2260 920 2358 oppugnationis
936 2257 969 2331 dc
984 2256 1236 2352 persecutionis
1251 2253 1503 2352 Epiphanicae,
1525 2273 1583 2337 aut

435 2355 617 2454 cessationis
645 2357 680 2430 dr
706 2357 910 2433 abolitionis
928 2357 1043 2454 jugis,
1085 2354 1259 2448 pertinet,
1296 2353 1355 2430 sed
1382 2376 1461 2431 eam
1487 2374 1583 2434 ante·

435 2454 549 2532 cellit:
576 2472 618 2529 ut
640 2477 685 2529 ex
707 2452 849 2530 historia
869 2451 1080 2528 notiffimun
1101 2447 1163 2524 est.
1212 2449 1268 2524 De
1298 2473 1370 2545 quo
1391 2454 1433 2526 ad
1448 2453 1499 2528 vs.
1525 2477 1581 2548 13,

391 2617 399 2628 .
434 2555 471 2628 dc
499 2575 552 2643 ¹4·
585 2555 752 2627 dicemus.
811 2550 873 2622 Est
893 2552 1009 2643 ltaque
1032 2550 1188 2645 Angelus
1208 2545 1354 2641 Jehovae
1380 2549 1452 2644 lpse
1474 2549 1581 2627 Filius
1709 2579 1710 2586 ¹

434 2651 528 2741 Dei,
554 2652 659 2744 legati
678 2649 746 2722 Dei
767 2647 877 2721 Patris
900 2646 1084 2739 personam
1098 2667 1257 2741 gerens,
1284 2647 1341 2740 qui
1359 2645 1416 2719 hic
1430 2654 1580 2744 princeps

433 2749 611 2822 exercitus
636 2743 847 2836 adpellatur:
874 2741 918 2814 de
942 2765 1014 2835 quo
1035 2741 1078 2815 ad
1095 2740 1143 2814 vs.
1171 2763 1229 2832 25.
1255 2741 1443 2817 necessaria
1459 2763 1579 2836 protu-

432 2843 471 2916 li.
522 2839 610 2936 Ejus
632 2861 720 2914 vero
731 2838 916 2937 santtuartr·
939 2839 1039 2913 locus
1060 2838 1147 2913 ficut
1161 2839 1255 2913 resie
1271 2839 1367 2914 audit
1384 2839 1576 2932 Templum

433 2938 818 3030 Hierosolymitanum,
848 2935 944 3029 quod
959 2935 1068 3031 ipse,
1102 2939 1139 3010 in
1159 2938 1330 3028 Symbolo
1353 2938 1453 3011 nubis
1474 2935 1576 3032 supra
1707 2975 1709 3020 4

432 3057 572 3122 arcam,
596 3035 831 3122 inhabitabat,
864 3035 1119 3121 &cumbarum
1150 3025 1196 3107 src
1217 3037 1257 3106 alr
1278 3032 1362 3128 ἱρῇ),
1391 3037 1451 3108 vel
1474 3059 1495 3109 a
1517 3059 1576 3112 co·
1707 3075 1709 3106 r

432 3155 506 3206 ram
530 3131 625 3228 ipsu,
646 3134 727 3229 juge
747 3149 828 3226 apte
850 3131 979 3203 dicitur
1000 3130 1151 3220 auferri,
1175 3153 1257 3205 cum
1283 3129 1375 3203 sacra
1391 3133 1438 3206 ibi
1456 3155 1575 3208 coram

431 3229 529 3322 ipso,
556 3246 721 3324 tanquam
743 3229 905 3322 supremo
928 3226 1126 3321 inspeilore
1149 3225 1401 3318 correctore,
1433 3229 1578 3306 admini·
1706 3269 1708 3302 1

430 3327 528 3404 strati
549 3327 668 3418 solita,
709 3325 851 3401 cessant.
905 3325 996 3424 Quae
1024 3330 1125 3400 latius
1149 3323 1292 3422 exsequi
1318 3325 1404 3401 nihil
1429 3329 1572 3407 adtinet.
1706 3429 1708 3434 Ι

431 3426 502 3502 Vid
536 3425 643 3498 Zach.
665 3447 694 3498 11
712 3450 721 3499 ς
748 3447 780 3500 1.
805 3425 872 3497 dcc.
889 3423 974 3496 Mal.
994 3444 1073 3500 111:
1093 3445 1124 3496 1.

477 3528 508 3613 §.
526 3521 654 3596 XXlV.
709 3546 742 3616 3.
766 3521 891 3595 Tertia
915 3522 1065 3616 gradatio
1088 3521 1267 3594 violentie
1290 3523 1486 3612 Antiochi,
1513 3525 1577 3619 ida·

430 3625 573 3694 solatriri
586 3621 701 3695 cultus
716 3616 1020 3706 substitutionem,
1047 3617 1081 3690 dc
1097 3619 1272 3712 publicam
1288 3620 1576 3714 persecutionem
1706 3653 1707 3684 r

429 3719 608 3810 religionis
630 3715 730 3790 causa
752 3715 955 3808 complexa,
996 3713 1045 3790 vs.
1073 3735 1127 3788 12.
1151 3714 1205 3788 his
1231 3721 1348 3790 verbis
1372 3718 1574 3810 profertur:
1704 3735 1707 3798 l

428 3811 472 3895 δ’
487 3811 652 3894 dationem
671 3815 760 3886 dabit
785 3827 897 3884 contra
912 3814 1014 3909 juge,
1039 3814 1095 3886 vel
1112 3814 1180 3906 rjus
1201 3812 1303 3900 locu,
1329 3819 1365 3886 in
1379 3811 1574 3904 asenam,
1705 3899 1706 3910 ἶ

428 3908 472 3997 &⁹
486 3911 636 4010 projiciet
662 3915 835 3986 ueritatem
857 3915 893 3986 r'rr
916 3925 1056 4002 terram,
1084 3906 1127 3996 δ’
1135 3906 1245 4002 faciet
1263 3909 1306 3994 &
1315 3910 1572 4086 prosprrcsrbirrsrr.
1704 3927 1706 3940 ·

1441 4077 1443 4080 ,
1469 4031 1515 4086 en
1533 4033 1574 4086 us
