3386 4744
384 409 448 469 un
519 381 735 466 DAN.
808 409 873 469 nn
925 401 989 489 ap·
1143 347 1259 494 ’ςῃ

8 581 13 651 l
115 559 195 648 inde
218 569 338 666 itaque
360 569 430 659 est,
457 570 528 645 live
545 570 587 646 ad
601 593 700 644 unam
713 570 850 667 mensam
867 571 1021 648 sederint
1042 571 1114 646 du'o
1133 591 1254 668 reges,

8 703 13 752 t
115 669 209 763 quod
230 683 349 742 tamen
373 665 449 740 fieri
474 669 615 764 potuit,
640 690 707 743 nec
733 691 798 747 ne:
823 671 932 744 modo
945 672 1133 746 amicitiam
1149 670 1182 742 ἃ
1198 691 1258 762 pa,

8 801 10 848 f
112 786 190 840 cem
212 764 365 860 stipulati
389 765 522 841 fuerint
534 769 659 841 ambo,
710 763 819 864 Quod
839 765 996 840 historiae.
1011 767 1166 859 adprime
1183 762 1256 836 effe

8 901 10 946 3
111 860 417 949 consentaneum,
450 883 495 934 ex
528 863 644 952 locis,
677 864 785 936 modo
808 864 949 952 citatis,
987 866 1079 936 clare
1104 859 1254 938 constat.

8 999 10 1042 ,
110 955 251 1055 Quibus
275 959 495 1032 luculentum
516 961 608 1032 addo
633 960 767 1052 Polybii
793 999 811 1037 ι
834 961 974 1047 locum,
1036 981 1083 1032 uo
1105 957 1254 1031 Rhodiis

8 1125 10 1138 ‚
109 1051 232 1149 legatis
253 1055 444 1148 respondet
466 1053 536 1147 ipse
561 1055 780 1144 Antiochus,
815 1055 886 1128 lese
911 1055 983 1154 agir
1002 1087 1089 1128 rator
1109 1057 1257 1126 tamur·

8 1201 9 1240 3
110 1156 187 1229 «aa
202 1151 323 1238 πάλη,
353 1160 378 1258 a}
404 1148 504 1245 <pino
525 1151 672 1247 ὑπάρχειν
695 1174 767 1224 aum
781 1149 860 1242 tflo,
886 1152 1080 1226 Ptolemaeo
1096 1152 1253 1241 majore,

105 1259 220 1351 pacem
239 1249 358 1320 dudam
368 1244 503 1344 fearffe,
528 1245 572 1330 (ἕ
588 1253 726 1323 amicum
742 1243 813 1344 effe.
862 1245 1004 1322 Nullius
1022 1267 1109 1344 ergo
1124 1245 1176 1320 est
1189 1247 1253 1321 ob-

105 1343 216 1434 rectio
237 1343 383 1434 Sandii,
408 1365 455 1416 ex
477 1359 643 1420 autorum
663 1343 801 1418 lilentio
822 1344 866 1418 de
888 1347 948 1420 tali
961 1349 1118 1418 mauioir
1133 1347 1227 1418 nara,

157 1445 190 1530 ᾗ.
206 1441 371 1514 CXXXll.
412 1441 613 1515 simulatam
636 1461 725 1516 vero
754 1463 880 1536 pacem
907 1439 1026 1514 facille
1054 1440 1088 1514 dt
1110 1439 1254 1516 menda·

107 1555 207 1627 cem,
234 1535 342 1634 scopo
364 1538 468 1632 plane
491 1537 625 1627 hostili,
663 1539 882 1614 Antiochum
911 1537 1153 1632 Epiphanem,
1188 1535 1259 1618 sub,

106 1632 173 1708 hac
194 1636 309 1729 specie
323 1656 362 1707 re
386 1657 434 1708 no
450 1636 607 1732 Aegypti
623 1635 838 1725 inhiantem,
861 1635 948 1710 licut
962 1633 1151 1725 Historici,
1175 1655 1252 1708 mo·

105 1729 153 1803 do
178 1732 326 1821 laudati,
349 1655 478 1806 ‹iiserte
494 1732 615 1806 ,testati
636 1735 738 1819 lunt,
768 1734 817 1806 ita
837 1733 910 1826 ipse
935 1733 1134 1806 Antiochus
1155 1729 1252 1804 haud

103 1825 164 1900 diu
187 1828 287 1925 post,
313 1829 432 1903 animo
454 1830 653 1917 denudato,
680 1828 860 1924 patefecit.
910 1826 1050 1915 Frustra
1071 1829 1165 1904 enim
1181 1841 1251 1900 terr-

101 1930 185 1997 tatis
207 1930 359 1999 munibus
382 1927 592 1999 Alexandria
614 1923 850 2021 dsremntsese
865 1925 1124 2022 mrasarpeilam
1133 1921 1250 2015 ferit,
1361 1977 1362 1985 .

102 2025 184 2116 quod
208 2039 323 2095 catera
344 2022 492 2118 Aegypti
516 2017 641 2095 tradita
665 2020 854 2108 Ptolemaeo,
890 2019 1014 2116 Pelufii
1030 2024 1179 2096 ualidum
1199 2044 1251 2092 re·

102 2120 214 2190 litium
234 2137 304 2192 erat
323 2119 499 2214 (rectius,
521 2135 670 2193 not-ante
685 2119 897 2205 Gronovio,
922 2116 1142 2213 reliquerat,)
1166 2133 1252 2210 prat
1367 2133 1368 2138 ’

94 2211 237 2305 fidium,
265 2218 437 2309 apparebat
461 2215 602 2298 aratra
623 2215 773 2310 Aegypti
787 2220 909 2297 terreri,
930 2228 991 2302 ut,
1011 2239 1112 2309 paam
1127 2217 1249 2300 uellet,

99 2309 214 2406 rursus
236 2317 411 2385 exercitam
434 2312 609 2383 induceret.
675 2309 765 2381 Bella
791 2307 941 2401 intestina
963 2307 1162 2400 cumfratre
1177 2332 1249 2382 eum

100 2413 226 2484 exitum
241 2405 339 2498 fore,
362 2420 402 2478 at
418 2406 521 2479 arear
530 2403 638 2503 feffus
651 2411 824 2478 certamine
836 2427 1035 2500 nequaquam
1047 2421 1112 2501 par
1127 2402 1251 2484 Antra

101 2507 156 2578 rho
171 2502 318 2596 feturas
341 2501 427 2601 effer.
484 2501 573 2603 Quae
598 2501 694 2576 Livii
716 2506 732 2562 t
752 2505 862 2575 verba
883 2523 960 2574 rem
973 2503 1172 2577 luculenter
1188 2500 1248 2574 de·

100 2602 276 2678 clarent·
307 2599 363 2673 De
388 2600 568 2677 Ptolemaei
591 2599 837 2675 Philometoris
858 2598 1088 2690 fraudulento
1105 2598 1246 2686 animo,

100 2691 256 2796 inpatlo
275 2697 458 2786 ineundo,
483 2698 569 2773 nihil
593 2695 734 2793 quidem
751 2695 950 2771 retulerunt
965 2696 1162 2785 Historiei,
1186 2694 1250 2774 sed,

98 2793 176 2874 fieri
202 2814 320 2872 tamen
343 2795 482 2891 potuit,
508 2815 546 2870 ut
565 2795 815 2890 prudentiores
836 2793 962 2883 aulici,
987 2791 1101 2870 fluam
1119 2794 1248 2872 Antio·

98 2896 156 2970 ehi
182 2898 371 2970 amicitiam
395 2891 675 2988 perspicientes,
712 2894 784 2986 jam
809 2907 895 2968 tunc
918 2912 964 2966 eo
987 2890 1095 2986 scopo
1118 2889 1248 2966 foedus

99 2994 328 3089 pepigerint,
366 3005 408 3064 ut
437 2989 654 3066 Antiochum
683 2991 1006 3080 circumvenirent,
1039 2989 1250 3083 &primam

100 3087 322 3164 oceahonem
346 3085 471 3158 fratres
493 3087 763 3174 reconciliandi,
788 3108 978 3184 regemque
995 3086 1248 3162 Alexandriam

99 3183 314 3267 reducendi,
333 3183 543 3271 arriperent
594 3181 703 3277 Quod
722 3200 873 3256 eventus
888 3183 1149 3275 comprobavit.
1170 3183 1246 3255 Ob·

100 3280 167 3358 ilat
181 3299 322 3367 tamen,
347 3276 483 3366 ¹fateor,
498 3296 578 3349 cum
593 3274 689 3367 quod
705 3277 842 3369 patiam
857 3278 1026 3352 Antiochi
1039 3301 1118 3354 eam
1134 3277 1250 3370 ipsam¹

99 3377 359 3452 restitutionem
376 3393 444 3466 pro
458 3371 567 3465 stopo
581 3372 766 3461 habuerit,
779 3389 820 3446 ut
836 3375 944 3448 modo
960 3374 1108 3448 vidimus
1118 3423 1129 3461 ,
1140 3374 1250 3456 adeo-A

100 3495 171 3568 que
201 3473 357 3547 stmulate
387 3468 509 3564 agendi
543 3470 633 3541 ratio
654 3491 727 3543 non
750 3469 861 3544 fuerit
880 3470 1133 3554 Philometori,
1166 3485 1245 3544 tum

99 3573 198 3665 quod
216 3566 353 3663 paetum
375 3587 457 3639 curn
480 3566 663 3642 Antiocho
681 3589 755 3642 non
777 3566 945 3663 fregerit,
977 3565 1038 3640 nist
1060 3563 1244 3660 post'quatn

100 3689 184 3747 cum
211 3663 372 3739 habuerit
386 3662 592 3757 sapatum,-
623 3663 787 3764 quodqpe
808 3663 895 3740 nihil
913 3661 1034 3738 smistri
1058 3664 1101 3736 de
1118 3663 1247 3742 Antio.

12 3855 14 3858 ,
99 3767 172 3843 eho
197 3762 387 3857 suspicatus
407 3759 538 3849 fuerit,
568 3760 631 3834 nili
649 3783 787 3934 {affl
820 3759 1039 3840 Alexandria
1060 3759 1241 3930 obfidiorpp

777 3933 779 3935 ,
863 3917 915 3926 .-
1025 3919 1030 3926 .
1165 3879 1243 3935 te·

115 3955 357 4062 'ateasa'p
379 3953 508 4046 1262.¹
568 3957 627 4046 ll.
648 3957 719 4050 itt·
740 3993 787 4050 11·
852 3959 872 4049 ’Δ
954 4041 997 4056 .,
