3504 4782
278 318 464 423 ,‚1m
563 291 1405 382 otssxuxnrronrs

397 495 548 581 tinent,¹
561 487 771 564 difficiliores
793 483 900 582 longe
920 486 1116 579 explicatus
1131 487 1273 568 habent.
1323 493 1421 596 Quid
1437 500 1577 593 quast„v
1614 573 1617 578 ,
1747 547 1748 550 a

400 597 514 688 capita
530 587 587 658 illa
601 585 734 660 erunt?
759 607 802 656 an
823 589 980 656 alacritas
1003 588 1186 659 animantis
1209 591 1245 662 in
1270 593 1376 670 rebus
1389 600 1553 692 gerendis

401 703 517 771 tanta,
544 699 583 757 ut
606 685 733 756 eodem
750 697 910 776 ternpore
928 702 964 752 nr
980 703 1104 754 omnes
1118 685 1213 758 orbis
1229 707 1344 779 partes
1362 699 1474 790 regno
1492 695 1554 772 suo

401 779 638 867 consuluerit,
664 779 756 852 haud
780 799 876 851 tecus
897 779 1038 870 quamsi
1060 801 1093 866 4.
1113 783 1283 875 capitibus
1296 785 1416 878 suiffet
1429 792 1554 878 instru-

402 881 503 954 uasa
529 901 605 973 quae
628 875 684 950 Fr.
707 875 821 968 junii,
854 873 1208 970 ostentamenta,
1235 881 1286 952 est
1304 888 1445 981 opinio,
1472 911 1555 984 pro·

404 979 487 1074 priis
510 975 626 1048 verbis
640 971 804 1066 expressa.
854 972 921 1044 Sed
932 969 1033 1048 estne
1049 972 1119 1044 hoc
1133 974 1335 1054 Alexandro
1350 981 1555 1079 proprium,

343 1076 364 1098 ·’
401 1093 443 1148 ut
468 1072 567 1167 ipsius
589 1071 762 1144 emblema
784 1072 847 1141 hac
871 1082 956 1140 nota
977 1065 1140 1165 distingui
1162 1073 1313 1151 debeat?
1348 1101 1455 1170 quate
1478 1105 1555 1157 non

403 1177 530 1266 potius·
544 1167 662 1243 multis
683 1169 784 1237 aculis
804 1161 986 1237 instruitur
1001 1165 1154 1257 pardus?
1179 1172 1385 1268 quodaeque
1402 1175 1478 1251 fieri
1492 1201 1555 1274 po·
1579 1222 1583 1234 ›
1612 1185 1614 1190 ’
1642 1253 1648 1264 ,

403 1267 542 1368 titillet,
568 1284 648 1337 cum
670 1285 705 1352 4.
721 1261 834 1352 capita
848 1281 923 1332 non
939 1261 1046 1354 magis
1063 1262 1105 1332 ad
1123 1260 1235 1338 setam
1254 1272 1463 1347 naturaliter
1478 1297 1556 1367 per·
1664 1343 1668 1350 .

405 1364 561 1448 tineant,
591 1380 632 1433 ac
655 1355 805 1431 totidem
828 1354 935 1428 oculi.
985 1355 1110 1464 (japita
1132 1359 1213 1432 sunt
1232 1386 1346 1458 rega,-
1371 1389 1438 1442 nec
1453 1391 1558 1468 gene·

405 1460 517 1532 talem
538 1456 627 1530 adeo
643 1455 834 1528 admittunt
850 1452 1137 1544 explicationem.
1193 1456 1250 1530 Ad
1266 1483 1368 1554 quam
1384 1488 1455 1540 non
1473 1469 1556 1544 fuis·

405 1555 457 1628 set
480 1550 658 1644 delapsus,
684 1549 709 1622 fi
730 1549 821 1621 aliud
843 1547 926 1640 quid
941 1545 1003 1639 ipn
1017 1549 1061 1620 ad
1076 1572 1197 1626 manus
1210 1553 1340 1633 suisset.
1389 1561 1560 1644 Totidem
1630 1633 1634 1644 ,

404 1655 505 1746 rege's
526 1646 560 1718 dt
580 1665 689 1740 regna
711 1641 789 1738 post
812 1643 1050 1718 Alexandrum
1065 1647 1214 1746 intelligi
1227 1671 1398 1744 noverat,
1424 1657 1482 1732 sed
1495 1683 1558 1754 pe.
1601 1655 1633 1712 ·'

406 1747 475 1821 rite
491 1743 627 1835 rejecit.
677 1738 773 1838 Quid
787 1737 909 1812 enitnl
933 1742 1049 1835 capita
1063 1743 1197 1835 bestiae,
1222 1772 1297 1843 quae
1312 1774 1459 1851 regnum
1473 1755 1557 1840 Ale·

408 1840 528 1917 randti
550 1840 585 1915 dt
604 1840 754 1924 unitam,
785 1836 820 1908 dt
842 1831 985 1930 diuisum
1006 1839 1172 1930 exhibet,
1206 1868 1250 1934 an
1271 1853 1420 1939 4duces
1436 1857 1559 1951 expin.

410 1953 517 2038 gent,
541 1937 601 2029 qui
614 1955 721 2030 regna
737 1930 815 2026 post
830 1931 1069 2010 Alexandrum
1088 1940 1350 2022 condiderunt?
1371 1949 1416 2024 fic
1427 1951 1558 2044 iubent

412 2034 561 2128 Antiqui
583 2032 625 2106 ἃ
644 2029 887 2119 Recentiores.
946 2031 1015 2104 Sed
1038 2035 1121 2126 quid
1138 2052 1224 2113 tunc
1239 2043 1307 2118 erit
1322 2045 1394 2139 ipse
1406 2049 1559 2126 Alexan·

411 2130 500 2206 det?
526 2128 733 2221 nullumque
756 2127 875 2202 locum
895 2127 953 2200 hic
977 2128 1146 2208 habebit?
1177 2139 1235 2211 vel
1258 2160 1301 2216 an
1316 2143 1560 2240 rarpusbestiae

409 2225 504 2304 etit?
530 2247 602 2319 quo
623 2225 711 2298 nihil
734 2225 890 2320 ineptius
912 2219 973 2298 est.
1024 2225 1159 2306 illudne
1175 2233 1384 2330 ferendum,
1408 2264 1561 2342 regnum

409 2323 602 2402 Alexandri
623 2319 881 2417 representari,
906 2319 1081 2414 sequentis
1098 2336 1289 2427 temporis,
1310 2361 1381 2433 quo
1395 2341 1433 2416 in
1447 2363 1471 2434 4
1484 2363 1524 2419 re
1548 2386 1562 2405 ·
1591 2417 1599 2424 .

401 2447 455 2517 ,na
476 2421 692 2508 discederet,
718 2433 855 2496 tantum
881 2419 1179 2519 habitatatione,
1204 2434 1413 2530 nullaipfius
1432 2441 1511 2516 Con

408 2518 638 2618 poris-primi,
672 2519 839 2612 precipui
861 2517 1001 2606 herois,
1027 2521 1088 2612 qui
1103 2525 1295 2604 carasierei
1309 2535 1407 2624 pardi
1422 2535 1559 2628 praesta-
1645 2533 1653 2542 “

408 2639 448 2690 te
479 2614 614 2688 debet?
648 2613 889 2688 Alexandrum
909 2614 934 2687 fi
957 2616 1127 2709 capitibus
1150 2625 1353 2718 accensam,
1387 2631 1471 2722 quid
1490 2637 1559 2705 iria

376 2706 386 2717 “
410 2710 547 2802 reliqua
574 2707 812 2782 fibi-volunt?
843 2730 889 2782 ne
915 2731 1033 2804 nunc,
1058 2736 1167 2813 regna
1188 2721 1247 2795 illa
1268 2723 1376 2798 divisa
1397 2749 1472 2803 non
1519 2749 1559 2804 er

410 2813 541 2903 capita,
567 2804 625 2877 sed
648 2826 768 2877 cornua
783 2806 961 2894 exhiberi,
986 2828 1167 2904 repetam
1193 2818 1410 2909 &4cornua
1422 2824 1461 2898 in
1516 2823 1560 2898 ’τέ

411 2926 458 2978 co
480 2899 559 2998 post
578 2923 680 2975 unam
693 2899 935 2992 illudfraiiam
948 2907 997 2980 ob
1011 2911 1133 2985 oculos
1148 2911 1302 3010 listi'cap.
1318 2938 1422 3000 vin..
1446 2919 1560 2999 Forte
1648 2989 1651 2994 .
1722 2877 1724 2880 Ι

412 3001 500 3080 nihil
525 2996 589 3074 nist
614 2999 714 3096 regni
742 3003 988 3095 amplitudinem
1017 3009 1135 3082 versus
1163 3033 1187 3101 4
1214 3015 1291 3087 coeli
1317 3015 1433 3116 plagas
1453 3020 1562 3118 figna·

413 3096 530 3175 bunt?
557 3097 625 3171 Sed
641 3097 710 3170 hoc
725 3107 807 3172 cuni
825 3095 1062 3193 superioribus
1081 3102 1201 3184 bestiis
1215 3133 1404 3191 commune
1420 3117 1561 3210 habuit3

401 3216 520 3290 ,quare
547 3214 634 3292 ergo
657 3194 691 3268 dt
711 3193 763 3266 his
780 3195 928 3272 totidem
945 3200 1058 3293 capita
1072 3225 1146 3279 non
1162 3206 1242 3284 sunt
1256 3210 1362 3286 data?
1381 3215 1433 3291 ne
1448 3215 1560 3290 dicam

411 3314 478 3387 per
497 3294 569 3363 alat
589 3287 810 3368 commodius
831 3295 970 3392 expingi
985 3317 1063 3374 eam
1077 3303 1306 3396 latitudinem,-
1332 3307 1492 3403 &capita
1509 3327 1563 3382 re·

435 3413 502 3465 utn·
516 3387 586 3462 elie
607 3389 829 3464 emblemata.
884 3387 1112 3491 Quocunque
1135 3415 1172 3474 te
1196 3419 1329 3490 vertas,
1354 3406 1562 3499 impeditum

419 3489 449 3562 s
450 3510 469 3561 e
492 3486 631 3563 senties.
658 3485 704 3560 D,
727 3486 873 3567 Crinsoz
896 3489 939 3562 ad
958 3493 1138 3587 regiminis
1159 3498 1257 3592 regni
1279 3500 1396 3576 Gtaeci
1410 3523 1562 3596 quatuor

412 3585 565 3658 diversas
588 3583 719 3659 formas
739 3587 863 3682 oculos
889 3600 1054 3678 vertens,
1086 3612 1143 3664 eas
1157 3595 1344 3684 recenset,
1377 3601 1563 3673 rsub'uno

417 3677 619 3752 Alexandro
644 3681 748 3755 asub
772 3679 1022 3759 subcessoribus
1049 3709 1068 3777 3
1092 3685 1154 3760 sub
1178 3687 1344 3766 Romanis
1366 3717 1388 3782 4
1411 3693 1472 3767 sub
1495 3695 1562 3772 lm·

369 3863 375 3872 ι
415 3775 633 3873 peratoribus
650 3775 1066 3873 eonlbntinopohtanis:
1088 3783 1167 3862 addi
1182 3785 1387 3882 debulli'ets
1403 3789 1563 3959 subliliu-

411 3927 415 3935 .
539 3891 544 3902 “
752 3895 758 3902 '
917 3915 920 3924 ¹
1494 3909 1565 3962 am·
