3444 4778
434 404 508 496 568
609 377 1428 470 COMMENTARIUS

434 567 612 658 immitto,
637 566 759 663 tegern·
783 566 817 640 dc
840 585 956 662 pugna
979 559 1030 634 en
1053 559 1225 658 consertio,
1251 581 1317 654 qua
1331 558 1493 636 homines
1505 559 1590 665 col-¹,

436 666 595 741 liduntur
611 691 622 754 ς
641 665 734 738 ¹sicut
747 660 904 756 conserere
919 681 1032 732 monus
1046 682 1113 752 pro
1127 681 1294 756 pugnare.

483 768 514 853 §.
531 760 674 837 CXXV.
701 759 728 833 F
730 757 890 834 unestum
911 756 1084 830 exercitui
1105 755 1328 852 Aegyptiaco
1350 758 1457 850 praelii
1475 781 1581 835 even·

433 872 514 936 tum
530 884 605 936 uno
623 859 764 952 quidem
779 859 913 944 verbo,
940 853 1059 937 &uon
1077 852 1243 947 confijlee,
1271 853 1327 926 sed
1344 854 1492 932 ditillrmi
1508 859 1580 932 sen·

433 954 508 1044 sus,
533 956 777 1050 repraesentem
792 955 889 1045 quus
905 951 1111 1047 elegantiam
1127 949 1159 1024 de
1175 951 1462 1043 amplitudinem,
1475 977 1577 1046 quam

432 1052 554 1128 nescio
572 1076 615 1128 an
630 1053 851 1146 penetrarint
875 1052 1114 1142 interpretes,
1140 1067 1178 1121 ut
1198 1049 1266 1121 luci
1283 1069 1478 1144 exponam,
1505 1075 1578 1126 non

424 1149 477 1224 ·de
502 1157 647 1224 exercitu
667 1152 757 1246 regis
780 1145 905 1242 nastri-
921 1145 1121 1240 srmpliciter
1144 1143 1348 1234 naitano,
1372 1143 1430 1218 scd
1445 1146 1490 1221 de
1504 1151 1578 1242 iplo

434 1269 542 1344 rege,
568 1237 628 1343 q'ui
644 1250 785 1340 praelio,
813 1240 1077 1327 testehistoria,
1105 1265 1176 1316 non
1193 1243 1374 1330 interfuit,
1402 1246 1574 1334 hocdici,

427 1363 515 1418 'ante
539 1345 657 1418 omnia
680 1341 817 1417 adverti
839 1342 960 1414 velim.
1022 1358 1058 1411 m
1072 1339 1225 1435 generali
1243 1338 1487 1434 propositione
1508 1347 1577 1414 bra·

433 1445 506 1514 tln'u
528 1443 769 1526 inundationis,
795 1437 885 1512 vers.
908 1461 986 1522 aa,
1010 1450 1149 1510 tantum
1168 1454 1360 1511 memorata
1373 1455 1494 1524 eraut,
1520 1441 1575 1513 hic

432 1537 505 1634 ipse
527 1563 585 1611 rex
605 1536 725 1629 Austri
747 1557 866 1610 manus
890 1533 1113 1610 conserturus
1136 1535 1311 1621 habetur,
1337 1535 1423 1607 licet
1439 1558 1503 1628 per
1518 1559 1574 1610 er·

430 1638 583 1728 ercitum
604 1635 637 1706 id
654 1635 781 1708 fecerit
795 1633 935 1720 absens,
963 1631 1043 1725 quia
1060 1649 1208 1706 ostentus
1221 1632 1351 1724 praelii,
1377 1657 1439 1704 uon
1449 1631 1576 1725 stabit,

432 1735 477 1803 ad
501 1735 610 1826 ipsum
634 1733 811 1827 speciatim
836 1729 1042 1802 referendus
1065 1727 1126 1802 est.
1150 1727 1152 1732 ’
1174 1727 1300 1804 Sensus
1319 1751 1406 1826 ergo
1422 1730 1493 1816 est,
1520 1755 1575 1816 rex

431 1825 554 1918 Austri
573 1849 639 1922 per
659 1829 813 1899 validum
834 1825 931 1899 suum
953 1825 1186 1920 &copiosum
1201 1827 1395 1902 exercitum
1411 1829 1576 1920 preliabi·

432 1936 489 1996 tur
513 1945 594 1996 curn
613 1945 694 2017 rege
711 1923 990 2018 septentrionis,
1017 1922 1075 1994 sed
1093 1923 1156 2016 ipse
1171 1947 1244 1997 non
1256 1921 1378 2013 [lubin
1406 1945 1574 2018 quatenus
1706 1973 1707 1990 η

431 2037 507 2094 non
531 2033 668 2093 tantum
689 2019 930 2114 prolligabitur
952 2019 1125 2092 exercitus
1141 2023 1235 2112 ejus,
1261 2019 1319 2093 sed
1335 2022 1367 2094 dc
1382 2021 1575 2117 ipl'eftotr'e·
1706 2009 1707 2032 ¹

431 2141 504 2190 uem
528 2117 622 2191 suam
645 2117 780 2212 perdet.
831 2115 939 2215 Quod
961 2135 1152 2210 utrumque
1168 2119 1318 2193 verbum
1327 2117 1417 2210 llere
1435 2129 1496 2194 ulu
1511 2121 1570 2196 suo

428 2215 598 2290 involvit
648 2215 746 2289 Solet
767 2206 862 2288 enlin
884 2237 965 2288 cum
985 2215 1029 2287 de
1048 2212 1229 2308 perflante,
1254 2218 1373 2291 omnia
1390 2216 1572 2314 superante

428 2313 586 2408 impetu,
613 2327 689 2386 tum
710 2309 754 2385 de
779 2311 995 2408 gubernandi
1019 2309 1186 2399 statione,
1209 2312 1378 2390 adbiberi.
1428 2317 1486 2389 De
1503 2340 1573 2410 quo
1663 2331 1666 2335 '

429 2409 519 2504 saepe
544 2411 579 2483 in
601 2409 688 2486 Dill.
711 2409 755 2483 acl
780 2409 891 2497 Dan,
917 2409 950 2482 ἃ
974 2408 1073 2504 supra
1094 2410 1200 2484 etiam
1221 2412 1263 2484 ad
1280 2435 1314 2485 V.
1332 2415 1365 2487 6.
1378 2413 1448 2510 egi.
1499 2413 1573 2489 Rex

426 2507 546 2598 itaque
569 2508 631 2578 uon
652 2505 755 2596 *dabir
775 2504 843 2591 est,
870 2527 936 2579 nec
954 2528 1020 2602 per
1038 2511 1233 2582 exercitum
1248 2511 1446 2599 obtinebit,
1472 2510 1571 2588 &su-

427 2605 546 2706 perior
571 2603 756 2690 conlrstat,
797 2623 864 2676 nec
894 2600 957 2770 ἥγε
977 2601 1103 2680 statum
1125 2603 1222 2679 suum
1245 2602 1392 2682 firmiter
1413 2611 1568 2699 tenebit,

427 2699 488 2774 sed
510 2717 658 2794 uterque
681 2701 769 2770 cadet
788 2699 821 2771 de
840 2721 909 2772 con
930 2701 1105 2798 ringetur:
1141 2701 1236 2796 quod
1259 2727 1389 2802 negans
1405 2707 1570 2800 loquendi

427 2797 544 2869 forma
566 2795 668 2866 facile
694 2796 728 2867 de
750 2795 945 2888 emphatice
967 2799 1148 2888 continet,
1174 2799 1264 2876 &in
1284 2805 1353 2876 hoc
1368 2803 1444 2898 ipso
1458 2807 1574 2881 verbo.

427 2891 471 2962 ad
486 2913 521 2963 v.
537 2893 560 2961 6
580 2891 613 2960 dc
637 2910 680 2979 15
699 2891 895 2964 observavi.
945 2891 1024 2966 Rex
1042 2893 1278 2986 Philometor,
1304 2899 1372 2974 hot
1387 2900 1564 2976 infeliciffi·

425 3008 488 3062 mo
510 2985 629 3060 habito
650 2985 793 3082 praelio,
818 3009 881 3060 nore
902 2985 990 3072 (lecu
1001 2997 1127 3085 partim
1141 2993 1235 3087 quod
1249 2995 1321 3069 sese
1335 2998 1517 3076 Antiocho
1531 3001 1567 3077 in

423 3107 549 3160 manus
566 3103 646 3157 cum
668 3105 779 3180 reguo
800 3085 980 3162 tradiderit
1002 3087 1096 3183 ipse,
1120 3087 1303 3168 stationem
1321 3095 1433 3182 luam,
1465 3121 1567 3192 quam

424 3181 529 3255 facile
564 3182 655 3255 tueri
678 3181 863 3278 potuillet,
901 3207 970 3275 prae
994 3186 1121 3260 mentis
1144 3189 1281 3286 ignavia
1302 3192 1492 3282 deserens,
1519 3197 1569 3272 uti

422 3277 603 3352 Diodorus
621 3276 755 3352 Siculus
771 3307 787 3345 a
802 3301 876 3354 non
891 3280 961 3355 sane
973 3281 1204 3360 admiratione
1220 3290 1423 3378 adnotavit,
1444 3301 1565 3386 partim

423 3377 522 3472 quod
550 3379 593 3450 ab
623 3375 898 3465 Alexandrinis,
938 3381 1106 3476 regnique
1131 3385 1328 3478 princibus,
1360 3387 1470 3463 fuerit
1493 3413 1567 3468 earn
1676 3434 1680 3456 ·

423 3475 529 3572 iplam
557 3475 605 3546 ob
633 3477 805 3550 rationem
827 3472 974 3549 statione
996 3478 1090 3569 regia
1117 3483 1342 3568 deturbatus,
1376 3485 1510 3578 &ejus
1532 3493 1564 3564 in

421 3574 547 3746 &affl
567 3569 678 3646 frater
702 3572 776 3663 ejus
804 3570 992 3646 Ptolemaeus
1008 3573 1188 3673 Euergetes
1207 3601 1285 3671 ιι,
1310 3580 1370 3658 seu
1391 3583 1568 3679 l'hyscon,

494 3696 512 3743 c
550 3690 598 3740 us.

470 3773 502 3858 §.
519 3763 678 3841 CXXVI.
704 3765 814 3867 Quod
838 3785 1053 3868 utrumque,
1073 3773 1269 3858 involutius
1291 3780 1400 3858 modo
1423 3805 1489 3882 per
1504 3807 1566 3857 nou

1474 3879 1566 3980 ean

458 3981 569 4044 [Exn
595 3984 688 4046 Vales.
708 4003 737 4068 p.
761 4003 827 4062 nro.
