3462 4792
127 505 130 512 .
264 427 322 530 tn
369 443 746 532 varrcrura
794 447 1134 572 nanterre.
1214 462 1281 557 ηε]

141 639 229 716 Vilo
245 653 383 717 tantum
404 655 641 733 memoratur,
666 643 747 736 quia
764 641 866 738 iplius
881 645 1027 740 proprie
1041 641 1093 718 est
1111 665 1283 742 regnum,

139 760 208 814 nec
228 760 310 812 cum
332 739 426 827 aliis,
453 739 514 814 nih
536 743 579 814 ab
604 736 681 831 ipso
696 739 730 812 dc
744 761 825 814 cum
843 740 917 833 ipso
933 741 1059 828 unitis,
1088 745 1285 816 communi·

139 835 301 912 candum.
353 835 487 912 Verum
514 839 549 910 in
571 837 808 929 explicatione
832 835 894 908 visr
916 838 1071 936 Angelus
1094 837 1286 912 Sanctorum

136 934 173 1008 in
191 953 321 1028 genere
342 935 525 1023 meminit,
544 955 701 1029 ¹regem,
728 933 880 1006 Sanilum
902 932 970 1006 Dei
993 941 1062 1008 κατ’
1082 933 1188 1030 ἐξοχὴν
1215 935 1283 1007 dici

137 1028 279 1116 solitum
304 1028 392 1102 Luc.
418 1051 448 1103 1:
472 1051 528 1121 35.
556 1031 717 1117 daubi,
742 1030 775 1102 δι
796 1033 870 1122 ejus
887 1029 1068 1123 primarios
1085 1029 1284 1118 ministmS,

138 1126 310 1221 regnique
333 1123 536 1211 consortes,
561 1147 633 1200 una
652 1126 877 1218 complexus,
916 1128 1043 1219 partim
1066 1141 1107 1200 ut
1130 1128 1174 1200 de
1184 1127 1285 1220 stiriis

14 1277 15 1284 κ
137 1222 239 1319 regni
263 1220 391 1294 Christi
415 1223 594 1319 cogitandi
617 1221 835 1315 praeberetur
857 1219 956 1309 ansa,
990 1223 1115 1314 partim
1139 1239 1178 1296 ut
1201 1220 1286 1322 hilii

14 1343 15 1346 ¹
136 1320 277 1390 hominis
296 1319 468 1391 emblema
489 1317 531 1390 ad
556 1321 731 1414 qualitates
753 1318 853 1414 regni
878 1317 912 1389 dc
938 1317 1116 1392 rettorum
1139 1317 1207 1390 ell‘e
1229 1340 1287 1391 er·

134 1411 359 1488 tendendum
379 1413 606 1489 indicaretur.
655 1413 746 1488 Cum
771 1415 865 1488 enim
885 1410 995 1486 Filius
1009 1417 1144 1487 hominis
1158 1415 1194 1488 in
1208 1414 1285 1502 viso

14 1540 19 1558 =·
136 1505 463 1604 opponaturseri55
487 1512 620 1585 illud&
637 1532 682 1585 eo
696 1511 906 1599 collocare,
934 1526 994 1598 ut,
1019 1512 1126 1606 longe
1140 1511 1286 1585 diverse

14 1679 15 1700 ,
134 1624 273 1684 nature
288 1607 357 1680 hoc
373 1629 519 1704 regnum
533 1606 611 1681 Filii
628 1608 780 1682 hominis
796 1607 904 1694 fore,¹
922 1605 1190 1699 ostenderetur,
1211 1609 1286 1685 An·

133 1704 236 1804 gelus
268 1703 457 1778 Sanllorum
488 1705 632 1780 nomine
660 1704 869 1778 inlinuatum
899 1704 1027 1778 voluit.
1088 1702 1205 1802 Quam
1236 1707 1297 1782 ob‘

14 1833 15 1844 ²
134 1799 273 1878 caulam
299 1803 444 1876 nomina
468 1798 554 1875 Filii
576 1805 712 1876 hominis
728 1802 760 1874 u
778 1801 967 1874 Stultorum
980 1802 1224 1887 alternantur,
1249 1803 1285 1878 dt

133 1896 249 1974 Saneti
273 1897 394 2010 rursus·
411 1919 492 1974 cum
511 1896 653 1996 Angelis
674 1899 955 1994 permiscentur,
992 1897 1103 1972 Sanus
1124 1895 1284 1994 altiffimo·

134 2017 218 2183 mg.
233 1994 530 2166 {dggllaggrsonis
553 2093 590 2166 in
609 2092 735 2167 lucem'
748 2091 931 2188 protratlis
950 2137 963 2180 ,
1001 2089 1126 2183 q'uibus
1148 2115 1285 2189 regnum
1303 2143 1308 2156 ·

135 2189 260 2264 datum
291 2187 365 2278 est,
404 2189 515 2285 ipsum
546 2189 710 2286 Regnum
740 2211 783 2262 ex
806 2191 984 2262 adtribuerit
1004 2187 1038 2259 dr
1059 2189 1284 2282 qualitatibus

135 2288 222 2380 ejus·
238 2285 409 2360 illustrare
432 2287 628 2384 adgredior.
678 2283 915 2452 (guaeserunda
934 2281 1191 2359 Dillertationis
1206 2307 1287 2378 pars

15 2423 25 2462 .‚
135 2383 201 2460 est.
251 2379 372 2457 Offert
397 2381 467 2455 sese
491 2384 525 2456 in
551 2383 643 2456 hisce
664 2403 742 2454 vrrs
759 2401 908 2477 regnum
926 2383 1094 2475 quintum,
1119 2397 1287 2472 tanquam

135 2477 278 2573 celeste,
298 2478 423 2576 justum
446 2479 480 2552 dt
503 2501 663 2572 aequum,
694 2473 886 2573 pacificum,
913 2471 1120 2568 universale,
1147 2490 1286 2571 perenne

136 2579 292 2671 denique
315 2577 348 2649 δι
369 2591 536 2652 eternum.
589 2575 678 2746 (3¹³ae
702 2575 880 2649 adtributa
898 2593 944 2647 eo
962 2571 1132 2663 majorem
1148 2595 1286 2647 meren·

135 2689 199 2750 tur
227 2675 491 2760 adtentionem,
530 2695 600 2767 quo
656 2670 786 2747 Melliae
815 2691 964 2768 regnum
991 2667 1288 2764 charadierizent,

136 2773 322 2865 adeoque,
348 2793 421 2846 non
436 2772 498 2845 nili
512 2771 596 2844 illud
612 2771 669 2845 hic
684 2768 953 2865 intelligendum
969 2765 1059 2855 elle,
1076 2769 1168 2843 clare
1185 2767 1287 2842 evin-

137 2883 232 2944 cant.
288 2890 316 2940 1.
335 2865 489 2955 Primum
510 2866 608 2942 estin
627 2863 753 2961 coelesti
764 2867 839 2958 eius
855 2861 1044 2958 conspeetu
1061 2863 1185 2954 situm,
1213 2887 1285 2959 quo
1410 2891 1413 2898 ’

138 2969 182 3041 ab
197 2965 362 3040 omnibus
377 2965 479 3056 hujus
496 2965 618 3040 mundi
635 2963 749 3062 regnis
765 2962 998 3058 distinguitur.
1047 2955 1287 3061 Quemadmo·
1415 2969 1419 2974 '

140 3064 226 3137 dum
255 3061 431 3137 Dominus
454 3061 573 3136 noster
598 3061 640 3134 ad
665 3061 811 3134 Pilatum
835 3059 912 3152 ipsrs
938 3058 1055 3132 verbis
1078 3060 1183 3148 dicit,
1215 3085 1287 3158 reg·

18 3221 19 3230 ,
140 3183 219 3234 num
236 3181 342 3232 meum
362 3183 424 3231 non
438 3157 482 3249 eli
499 3159 722 3254 hujusmundi
736 3157 804 3249 Joh
832 3175 956 3241 xvnr.;
983 3155 1026 3227 de
1046 3177 1117 3247 quo
1134 3157 1287 3252 Prophe·

18 3241 19 3304 Ὗ
141 3271 186 3333 tae
203 3258 310 3330 etiam
327 3257 457 3350 ubique
472 3251 660 3340 testantur,
686 3255 746 3323 ubi
762 3275 899 3347 regnum
913 3249 981 3322 Dei
996 3251 1189 3344 adpellant,
1211 3265 1288 3351 reg·

18 3371 19 3390 ³
141 3357 178 3429 ni
200 3355 368 3427 thronum
389 3353 425 3425 in
441 3353 531 3426 coelo
546 3349 750 3444 collocant,
776 3350 870 3420 bona
886 3367 1025 3440 quoque
1040 3347 1073 3418 dt
1089 3348 1181 3444 leges
1196 3350 1288 3438 ejus·

19 3513 20 3528 ,
93 3447 99 3456 “
144 3453 225 3526 dem
241 3467 376 3524 naturae
388 3449 599 3523 describunt.
649 3443 739 3541 Quae
754 3444 834 3516 alibi
853 3441 1019 3536 disputari
1036 3441 1160 3516 solent.
1212 3440 1290 3516 Coe·

19 3563 20 3582 ³
143 3548 238 3624 lestis
259 3547 294 3620 dc
310 3547 501 3643 spiritualis
518 3541 617 3641 regni
631 3541 758 3616 indicia
774 3538 844 3612 sele
859 3537 1015 3633 produnt
1029 3539 1120 3611 haud
1136 3537 1286 3611 obscura

146 3667 228 3720 cum
258 3646 295 3718 in
319 3649 474 3718 comitatu
498 3645 653 3726 nulium,
678 3638 722 3710 de
747 3657 820 3731 quo
838 3635 957 3730 supra,
980 3649 1060 3709 tum
1079 3637 1113 3708 ln
1130 3633 1207 3708 Filii
1224 3635 1287 3708 ho-

48 3742 62 3768 *
96 3811 101 3822 .
146 3742 249 3817 minis
274 3742 318 3814 ad
338 3741 506 3816 thronum
530 3739 600 3812 Dei
623 3732 854 3821 addutlione‚
881 3753 956 3826 quae
975 3729 1156 3806 seffionem
1178 3733 1213 3806 in
1229 3753 1290 3804 eo·

20 3847 21 3924 ξ
148 3840 228 3914 dern
253 3838 386 3914 throno
406 3837 580 3923 involvit,
607 3833 657 3909 Ps.
684 3855 739 3907 cx.
761 3831 867 3906 Zach.
891 3851 962 3920 vt,
989 3845 1063 3904 tum
1085 3829 1237 3924 denique
1253 3830 1289 3904 in

20 3927 22 3976 l
147 3957 215 4036 eo,
241 3937 336 4032 quod
357 3957 464 4036 regua
482 3933 607 4014 muudi
626 3953 700 4010 nou
720 3930 967 4021 abolerentur,
990 3927 1049 4006 sed
1071 3925 1155 4006 huic
1178 3949 1294 4102 Ἢ»
