3518 4748
461 51 480 92 N

444 323 495 414 48
620 313 1442 404 DlSSERTATIONES

441 519 550 601 timu
569 515 757 598 Sebuitens
772 515 997 594 obstrvavit:
1020 515 1222 594 &verbum
1237 519 1409 616 in-Apbel
1423 516 1519 596 redte
1532 538 1611 596 ver·
1723 443 1724 514 ἴ

445 621 557 708 titur,
595 614 740 712 constitit
807 621 924 704 miter,
960 614 1017 686 vel
1031 612 1138 711 sedem
1153 613 1247 710 fixit.
1271 639 1380 711 quarn
1400 617 1614 714 potestatem

444 713 591 794 subinde
605 713 750 790 habete
799 713 872 810 jug.
890 709 1035 809 Horu,-
1056 729 1098 788 ut
1111 713 1148 788 in
1162 717 1289 812 vulgus
1303 733 1431 790 notum
1449 714 1511 790 est.
1537 716 1611 792 Ob·

443 811 511 889 stat
531 833 621 888 vero
643 810 951 906 interpretationi,
982 829 1091 903 quam
1113 833 1306 911 oppugno,
1332 831 1408 889 tum
1427 813 1523 908 quod
1536 834 1603 890 auu

398 925 402 934 '
443 931 616 1003 nusquam
637 911 816 984 dominium
825 905 1016 1004 supremum
1039 908 1209 998 denotet,
1235 926 1312 985 tum
1333 909 1429 1004 quod
1444 931 1545 984 unum
1559 909 1614 982 do·

438 1013 583 1084 minium
596 1011 740 1104 erigere,
765 1026 833 1082 nec
847 1003 995 1080 ferenda
1008 1003 1050 1080 fit
1067 1004 1222 1098 pbraiis,
1248 1027 1318 1080 nec
1331 1007 1401 1080 huc
1416 1005 1578 1102 quadret.

494 1109 526 1196 §.
541 1103 604 1180 lii.
648 1125 689 1180 a.
721 1103 780 1181 De
814 1103 983 1202 ambiguo
1008 1103 1115 1178 trahit
1137 1101 1284 1196 sequens
1304 1105 1524 1195 membrum,
1565 1097 1614 1188 ὁ*

439 1215 508 1276 tres
528 1199 618 1294 rofio
633 1205 670 1274 in
693 1224 746 1274 ore
768 1201 838 1296 ejus
861 1205 949 1272 inter
971 1201 1103 1288 dentes,-
1117 1201 1225 1292 ⁴¹quod
1245 1201 1307 1275 vel
1323 1200 1368 1274 de
1382 1197 1611 1297 masaritias&

437 1297 656 1386 molaribus,
681 1296 843 1373 dentium
863 1295 981 1372 ordini
1001 1295 1157 1384 insertis,
1182 1297 1244 1370 vel
1265 1297 1311 1372 de
1331 1299 1431 1388 bolis,
1462 1299 1506 1373 ab
1527 1295 1607 1371 urso

438 1395 680 1482 devorandis,
711 1391 861 1556 ιηεεΙΙίῗί
883 1389 1021 1484 potest:
1047 1414 1093 1467 ne
1115 1391 1160 1464 de
1184 1395 1290 1466 tribus
1310 1393 1471 1470 dentium
1485 1397 1601 1468 erdod.

439 1495 520 1575 dus,
544 1489 691 1580 adquos
708 1485 871 1560 nonnuli
886 1486 1068 1570 referunt,
1095 1487 1179 1576 quid
1192 1507 1401 1564 memorem.
1425 1489 1499 1566 Etsr
1513 1488 1605 1564 enim

441 1583 621 1670 annudia,
647 1581 779 1674 triplici
802 1579 964 1654 dentium
977 1579 1103 1652 ordine
1118 1581 1283 1670 utrinque
1297 1581 1482 1666 instruite,
1508 1598 1610 1658 vete·
1725 1645 1726 1662 ,

440 1676 691 1756 ribusiuerint
708 1689 815 1765 nota,
832 1685 875 1748 ut
887 1673 932 1746 de
947 1675 1137 1745 draconibus
1151 1671 1317 1746 observat
1332 1673 1443 1750 Boch.
1457 1675 1504 1750 Η.
1515 1691 1613 1772 parc,
1725 1671 1726 1706 ³

440 1798 502 1854 11.
528 1781 586 1852 lib.
611 1795 691 1854 111.
705 1789 775 1871 cap.
788 1769 900 1863 14&
921 1767 966 1844 de
979 1767 1130 1846 mirabili
1144 1768 1224 1844 fera
1237 1769 1330 1865 apud
1344 1769 1452 1848 indos
1466 1793 1512 1848 err
1525 1772 1612 1852 Cte-

441 1875 490 1950 ssa
503 1875 616 1949 refert
629 1871 761 1948 Plinius
774 1866 869 1965 Hrfl.
883 1865 1072 1943 Natum,
1088 1887 1147 1942 ar.
1158 1865 1198 1941 1&
1211 1881 1295 1942 ante
1308 1863 1422 1962 ipdim
1431 1867 1614 1948 Aristote-

437 1974 494 2046 *ες
518 1969 607 2045 Hist.
620 1969 742 2044 Anim.
756 1989 798 2044 11:
816 1989 848 2042 1.
863 1966 925 2060 qui
937 1981 1058 2042 tamen
1072 1961 1223 2055 addidit,
1241 1961 1406 2059 fiCteJiae
1421 1969 1614 2050 tredendrm

434 2067 506 2168 fit:
530 2087 599 2144 nec
620 2085 693 2142 vox
717 2071 825 2156 rauba
838 2064 998 2140 dentium
1013 2063 1159 2153 orditur,
1184 2083 1252 2138 nec
1267 2057 1418 2157 phrafis,
1432 2077 1511 2139 -tres
1524 2065 1611 2158 dan.

440 2166 535 2242 tium
555 2162 704 2240 ordines
726 2170 815 2239 inter
831 2164 962 2250 dentes,
986 2159 1073 2236 illud
1087 2159 1252 2236 admittit
1300 2159 1402 2238 Num
1416 2183 1507 2254 uero
1523 2160 1611 2240 den-

442 2278 497 2340 tes
521 2267 680 2353 artures,
711 2283 757 2337 an
778 2265 882 2352 dolos,
919 2258 1070 2335 denotet
1091 2279 1167 2334 vox
1195 2260 1329 2348 rauba,
1362 2257 1508 2338 dubium
1528 2257 1611 2338 ert-t

437 2362 528 2440 lieet
547 2360 634 2436 mihi
657 2359 702 2436 de
723 2356 836 2454 costis,
861 2379 967 2432 carne
981 2354 1138 2447 vestitis,
1164 2378 1209 2431 co
1235 2355 1390 2434 'tandum
1404 2353 1474 2431 effe
1489 2359 1613 2436 verius

434 2461 618 2536 videatur.
654 2455 753 2532 -Vox
775 2458 873 2534 enim
894 2453 1007 2530 Hebr.
1027 2459 1090 2542 aba
1112 2455 1170 2527 cui
1222 2453 1314 2528 hald.
1335 2453 1546 2550 respondet,
1571 2457 1611 2534 in

441 2555 528 2650 tosta
548 2555 585 2628 dr
605 2555 718 2626 latere
738 2555 885 2625 teritur:
911 2551 973 2622 eui
987 2551 1138 2622 Graeeus
1152 2550 1332 2644 interpres
1345 2552 1526 2645 concinit,
1538 2553 1608 2647 dui

439 2649 616 2739 reddidit,
655 2654 724 2744 apra
750 2655 893 2742 sizna,
915 2643 1003 2734 -vel,
1021 2658 1075 2720 ut
1102 2643 1213 2722 editio
1241 2645 1346 2726 Rom
1372 2649 1500 2740 habet,
1534 2665 1608 2747 «με

438 2741 1320 2936 rard·,distributioni
1334 2745 1608 2946 intrito·

436 2909 439 2916 .
660 2889 673 2928 9
927 2894 936 2914 ι
1591 2891 1606 2934 ,

442 2963 588 3031 earum,
610 2954 781 3034 tanquam
805 2939 1020 3033 reliquiarum
1042 2939 1156 3012 carnis
1175 2937 1378 3032 devotata,
1399 2943 1457 3020 hic
1472 2939 1609 3021 mentio
1726 2991 1727 2998 κ

438 3039 521 3116 fieri
542 3037 704 3128 videtur,
727 3036 764 3112 in
786 3033 920 3132 signum
941 3038 1135 3108 vnacitatts
1156 3035 1245 3128 ursr,
1270 3040 1332 3134 qui
1352 3054 1424 3117 tres
1446 3039 1547 3138 cufim
1557 3040 1611 3118 in·

435 3153 501 3213 ter
522 3135 835 3224 dentes-tenebat,
858 3145 1025 3228 tanquam
1038 3131 1614 3236 'totidemcorponrm-absumto·

434 3257 525 3316 ‘rum
542 3246 760 3310 aramenta.
998 3275 1002 3284 ,
1105 3255 1109 3262 ’
1588 3307 1592 3316 .

490 3340 523 3432 §.
547 3333 563 3409 1
602 3388 611 3408 .
638 3353 673 3428 3.
723 3330 842 3435 Quem
865 3329 1039 3409 costarum
1060 3335 1099 3409 in
1113 3355 1177 3411 ore
1191 3335 1258 3412 urii
1271 3325 1497 3422 conspedum
1510 3351 1613 3434 egre·

436 3436 498 3535 gie
518 3431 662 3510 firmant
681 3431 807 3510 ultima
828 3433 956 3518 verba,
984 3429 1029 3512 ὃ
1040 3429 1090 3525 fic
1113 3434 1267 3507 dixerunt
1288 3430 1339 3532 ei,-
1367 3423 1493 3527 surge,
1516 3453 1611 3508 nora

440 3537 582 3608 multam
602 3553 751 3605 omnem:
784 3529 895 3608 modo
916 3524 1004 3638 illud
1018 3543 1121 3621 anta,
1146 3529 1268 3642 §anon
1278 3522 1464 3622 postquam
1479 3543 1546 3603 tres
1560 3551 1611 3604 to·

430 3623 513 3795 ξῐαΐε
527 3626 1004 3813 ἷῗίεξξξῧῗῑίιοῠεήῗεῗῐιιετι
1025 3621 1613 3812 neongbdttttrungostdrbabdlagffiss

441 3823 475 3920 ei
499 3831 571 3894 erat
596 3829 637 3892 ut
656 3824 797 3895 mutua
821 3817 1015 3911 temet,
1050 3817 1133 3917 qiud
1151 3817 1186 3892 da
1201 3817 1316 3914 iecit,
1345 3833 1472 3902 tenens
1487 3821 1611 3901 adhuc

1533 3919 1611 4014 ejus
1726 3965 1727 4028 t
