3462 4770
343 309 401 412 in
450 328 817 425 vnrrcrurn
865 335 1198 422 nantonis.
1272 345 1345 430 ³61
1478 331 1483 340 ’

197 520 395 601 Romanum
415 517 492 594 fuse
513 518 740 612 describere,
772 539 949 620 repugnat
990 557 1023 599 a.
1046 521 1156 601 statut
1176 524 1341 602 Ecclelie

170 621 365 718 lemicae,
390 621 543 714 primum
568 615 812 709 amiuiffimo,
843 623 927 695 dein
948 623 1243 716 prosperrimo&
1288 625 1340 698 lo·

181 717 305 810 noso,
332 715 393 792 sub
415 717 624 791 Seleucidis:
652 733 691 791 ut
715 739 760 792 ex
780 716 921 791 historia
943 720 1168 797 Maccabaica
1188 647 1336 796 confiat.

193 813 299 892 Hunc
322 832 391 892 tam
415 815 609 889 notabilem
636 829 827 905 eventum,
863 815 896 890 u
920 817 957 890 in
982 821 1097 892 verbo
1121 819 1338 912 Prophetico

191 915 280 989 &in
304 911 448 988 historia
471 915 604 1008 ubique
630 915 877 1002 celebratum,
904 915 939 988 in
960 915 1100 991 duobus
1114 931 1184 1004 tam
1202 916 1339 992 illustri·
1412 973 1414 978 .

189 1013 254 1086 hus
277 1011 352 1086 vifis
375 1009 559 1104 profundo
582 1009 720 1083 involvi
738 1009 909 1100 srlentio,
939 1013 1130 1105 nequidem
1151 1013 1263 1108 digito
1284 1017 1339 1088 in·
1403 1097 1405 1100 ,

191 1109 315 1194 tendi,
340 1107 415 1200 quis
438 1106 580 1180 demum
602 1103 673 1194 est,
698 1108 756 1178 cui
778 1109 961 1199 probabile
978 1107 1055 1180 fieri
1076 1109 1207 1202 queat?
1233 1111 1340 1184 maxi-

192 1226 250 1278 me
272 1203 294 1276 lr
324 1224 358 1278 1·,
378 1204 422 1274 ad
445 1205 602 1275 animum
622 1218 798 1289 revocet,
831 1204 1035 1294 prophetias
1060 1203 1105 1274 de
1136 1209 1252 1300 regnis
1280 1227 1341 1298 pe.

194 1300 362 1471 {illini
377 1295 755 1490 lllllllzlllllr
775 1295 1340 1474 litlalb‘llllrllltll

181 1473 464 1586 comparaverit.
514 1487 717 1564 Gravilllma
736 1513 809 1566 non
831 1507 967 1566 tantum
990 1515 1136 1586 quaeque
1157 1491 1237 1587 palli
1259 1493 1340 1581 sunt

183 1589 298 1686 Judaei
321 1587 384 1662 sub
410 1587 594 1661 Antiocho
623 1585 806 1680 Epiphane
829 1587 863 1660 ἃ
885 1587 1162 1680 succelloribus,
1201 1591 1259 1665 sed
1285 1594 1338 1666 in-

187 1687 306 1784 primis
329 1707 410 1760 curn
433 1685 548 1757 adhuc
569 1683 680 1757 client
697 1689 837 1779 populus
869 1683 966 1774 Dei,
1000 1687 1035 1760 &
1062 1711 1127 1783 qua
1151 1689 1227 1764 talis
1252 1687 1336 1763 fidei

186 1788 221 1860 lle
247 1784 425 1880 religionis
448 1780 576 1874 causa3
613 1802 681 1854 nec
703 1782 968 1858 succubuerunt
989 1789 1094 1860 tantis
1118 1787 1239 1874 malis,
1273 1809 1336 1860 ve.

183 1905 267 1957 rum
300 1876 534 1978 gloriosrfflme
566 1879 745 1953 &multis
772 1903 855 1954 cum
884 1879 998 1956 divini
1018 1884 1141 1960 auxilii
1167 1883 1267 1982 signis
1292 1906 1335 1958 ea

182 1979 416 2074 superarunt,
442 1979 474 2048 br
497 1973 764 2070 prosperrimum
788 1978 907 2070 adepti
923 1977 1003 2074 sunt
1023 2003 1064 2054 ac
1084 1983 1231 2058 liberam
1247 2004 1338 2056 rem·

182 2077 375 2174 publicam.
442 2075 513 2148 Sub
542 2071 711 2148 Romanis
733 2095 822 2150 vero
844 2075 931 2149 nihil
951 2077 1030 2170 ipsrs
1051 2079 1206 2168 accidit,
1236 2079 1336 2171 quod

63 2217 65 2222 =
180 2177 256 2252 suis
277 2171 449 2248 intestinis
473 2171 612 2258 turbis,
636 2170 719 2242 dein
738 2168 925 2245 sceleribus
935 2202 957 2261 ,·
974 2172 1203 2248 seditionibus
1224 2176 1258 2247 ἃ
1282 2196 1336 2246 re·

177 2271 365 2354 bellione,
398 2267 460 2359 ἱρῇ
482 2268 516 2340 in
544 2265 577 2336 se
605 2287 680 2338 non
704 2269 924 2353 derivarint;
958 2289 1026 2340 nec
1047 2284 1176 2359 praeter
1188 2268 1338 2362 seruitu-
1487 2345 1492 2352 ,

172 2359 257 2446 ,tem
271 2365 492 2442 tolerabilem
514 2359 640 2453 aliquid
658 2357 736 2452 palli
758 2361 866 2450 sunt,
898 2351 960 2436 nist
981 2361 1206 2456 posteaquam
1216 2369 1339 2532 ‘populi

180 2465 262 2542 Dei
292 2459 442 2536 nomen*
457 2455 694 2554 perdidilsent.
760 2451 917 2534 Tantum
938 2457 1056 2548 abest,
1089 2475 1128 2534 ut
1149 2481 1248 2533 caua
1268 2461 1341 2536 Dei
1432 2527 1441 2550 ,

180 2565 221 2639 &
254 2558 433 2656 religionis
462 2557 606 2650 fuerint
628 2552 784 2643 adflicti,
817 2571 858 2630 ut
883 2572 1047 2648 tanquam
1075 2555 1191 2648 hostes
1211 2558 1280 2632 Dei
1305 2555 1340 2632 bt

178 2649 324 2736 Melliae
344 2677 426 2730 cum
449 2654 630 2753 republica
647 2653 780 2727 fuerint
800 2651 895 2746 justo
920 2651 989 2728 Dei
1004 2655 1138 2747 judicio
1160 2651 1337 2731 destructi.

178 2758 294 2836 Unde
315 2751 446 2852 liquet,
475 2753 600 2848 prioris
619 2749 851 2842 ambitionis,
877 2773 953 2848 non
976 2749 1182 2845 posterioris
1201 2754 1340 2828 calami·
1460 2750 1467 2787 ”

168 2848 289 2943 tatis,
316 2855 374 2925 vel
399 2852 519 2941 iudicii
541 2849 610 2946 Dei
631 2851 669 2924 in
693 2847 807 2944 ipsos,
832 2853 1052 2927 mentionem
1080 2849 1240 2928 debuille¹
1261 2849 1340 2924 fieri

178 2959 224 3030 in
251 2949 460 3044 prophetica
481 2969 672 3041 regnorum
690 2945 798 3020 deseri
829 2949 953 3039 tione,
979 2950 1188 3042 quibuscum
1210 2947 1341 3042 Judoeis

182 3071 251 3127 res
272 3045 360 3118 fuit:
393 3045 473 3135 quia
498 3062 605 3134 regna
627 3045 685 3114 hic
705 3040 767 3118 sub
811 3069 939 3120 erorum
959 3049 1142 3120 emblemate
1165 3047 1343 3136 veniunt,

185 3149 230 3222 δι
257 3139 409 3238 populus
432 3137 500 3210 Dei
520 3136 626 3208 titulo
635 3135 820 3230 sannorum
834 3160 1001 3218 ornatur:
1014 3164 1103 3236 cap.
1120 3163 1186 3216 vn.
1206 3161 1263 3228 rr,
1282 3161 1342 3232 ας.

185 3243 253 3318 Ex
268 3241 347 3334 ‘quo
371 3235 476 3308 ctiam
496 3232 636 3316 elucet,
661 3231 895 3310 adflluionem
913 3235 1118 3328 Judaeorum
1142 3260 1206 3328 per
1224 3237 1344 3310 Roma-

188 3361 256 3417 nos
287 3332 437 3430 intelligi
466 3351 541 3404 non
574 3325 670 3421 polle
699 3347 761 3421 per
793 3329 923 3404 bellum
954 3331 1074 3405 bestiae
1101 3351 1234 3422 qurrtae
1262 3353 1347 3411 cum

187 3431 352 3520 sanetis,
385 3427 443 3504 sed
468 3429 527 3502 vel
548 3427 651 3518 Syro·
672 3477 676 3484 -
697 3423 899 3500 acedonum
927 3448 1009 3498 cun
1039 3429 1175 3518 populo
1196 3425 1348 3520 Judaeo‚

189 3534 260 3610 vel
281 3531 527 3640 Romanorum
544 3546 625 3598 cum
641 3519 864 3596 Christianis·
907 3520 1016 3620 Quod
1032 3519 1203 3634 posterius
1215 3527 1258 3597 ab
1274 3547 1349 3638 om·

187 3617 1349 3812 llll{llllllbllllllhtllllllellltlllllllll

190 3825 358 3930 gulone,
392 3839 464 3896 tam
486 3815 687 3931 stupenda,
717 3817 812 3986 ηιίἑίει
833 3815 952 3907 fuillet
972 3817 1065 3895 ratio
1086 3819 1225 3912 habita,
1259 3817 1349 3928 licet

647 3931 653 3942 “
698 3933 702 3940 ’
879 3931 883 3936 ’
1131 3941 1140 3950 ·
1315 3933 1355 3991 ln
