3444 4778
437 407 512 481 350
612 372 1434 458 COMMENTARIUS

390 635 393 640 .
441 565 610 655 divulsis3
636 561 725 638 vers.
748 543 806 658 23,
834 582 891 652 24·
918 555 967 632 Et
990 558 1127 632 invadet
1142 560 1393 654 penitiorique
1407 561 1502 632 mevi
1515 581 1591 657 gen.

443 680 511 735 tem
532 670 566 736 in
590 669 777 758 opimitate,
809 657 852 742 ὃ
875 664 911 730 iii
928 658 1142 752 pinguedines
1163 659 1343 750 provintia
1368 661 1532 730 intrabit.-
1555 659 1590 732 id

443 759 511 833 est.
559 760 680 854 ‘Copiis
701 757 960 856 Aegyptiorum
982 753 1085 841 funs,
1119 753 1299 845 multaque
1323 754 1466 828 vafritie
1491 755 1590 845 usus,

450 857 555 930 brevi
577 874 764 948 tempore,
803 854 929 948 partim
951 851 1203 948 Aegyptiacam
1221 870 1365 948 gentem
1384 850 1589 928 securam&

442 954 602 1048 opimam
632 953 692 1028 sibi
721 952 881 1045 subjiciet
912 965 1049 1036 totam,
1087 947 1214 1040 partim
1235 947 1413 1041 Judteam,
1448 951 1588 1044 ejusque

447 1053 681 1148 pinguedines
703 1051 737 1124 δι
757 1048 981 1144 opulentias,
1021 1047 1057 1120 in
1082 1047 1176 1119 luam
1198 1047 1335 1143 rediget
1359 1045 1588 1140 potestatem3

339 1235 340 1243 ἵ
449 1151 679 1243 spoliabitque
695 1164 892 1240 utramque.
929 1143 1020 1242 Qua
1035 1142 1244 1238 paraphrasis
1258 1144 1346 1218 sicut
1360 1166 1492 1220 nexum
1508 1167 1589 1221 cum

447 1245 707 1341 superioribus,
739 1249 786 1319 ita
811 1242 987 1319 nobiliora
1010 1241 1181 1314 Antiochi
1203 1240 1361 1318 facinora
1374 1244 1409 1315 in
1424 1243 1589 1340 Aegypto

445 1344 483 1418 bi
507 1345 624 1438 Jodaea
645 1342 850 1438 occupanda
871 1341 904 1414 dt
926 1338 1122 1433 diripienda
1145 1336 1359 1427 summatim,
1392 1354 1432 1414 ut
1449 1343 1487 1414 iii
1505 1341 1592 1414 stim·
1708 1367 1709 1422 ι

435 1444 557 1516 'maria
576 1440 819 1536 propositione
839 1439 1015 1525 decebat,
1054 1436 1111 1509 hic
1139 1435 1301 1532 depingi,
1334 1436 1472 1511 edocet.
1524 1438 1591 1516 Pti-

447 1561 547 1614 mum
573 1539 744 1614 Antiochi
763 1537 798 1613 in
814 1539 920 1631 Syriae
936 1555 1084 1630 regnum
1100 1532 1307 1632 ingressum,
1333 1555 1404 1626 quo
1424 1535 1509 1608 illud
1521 1557 1589 1628 ope

445 1636 772 1735 Pergamenorum,
799 1657 887 1729 quos
909 1633 1149 1728 largitionibus
1172 1631 1229 1704 sibi
1245 1629 1474 1721 devinxisset,
1500 1632 1590 1709 facili

444 1736 595 1828 negotio
618 1734 827 1828 occupavit,
856 1727 1046 1803 Doslilsimi
1060 1729 1161 1817 Viri,
1187 1727 1590 1822 GrotiusdtCoccejus,

431 1833 539 1902 'nulla
555 1852 634 1904 cuni
653 1830 904 1923 probabilitatis
921 1827 1036 1921 specie
1054 1826 1275 1922 intelligunt:
1298 1848 1382 1900 cum
1401 1849 1468 1901 nec
1486 1828 1588 1902 series

440 1927 635 2015 orationis,
662 1949 738 2019 quae
761 1930 827 2016 jam
846 1940 949 1999 antea
968 1925 1151 1997 introitum
1166 1925 1242 2015 ejus
1260 1925 1297 1998 in
1316 1945 1460 2020 regnum
1481 1927 1588 2017 Syriae

442 2021 786 2116 repraesentaverat,
827 2022 884 2097 liic
913 2022 956 2096 de
989 2020 1233 2096 moliminibus
1253 2021 1476 2096 ulterioribus
1495 2023 1585 2118 agit,

441 2143 511 2196 nec
527 2120 686 2216 phrases,
703 2144 779 2214 quae
794 2122 828 2193 in
848 2118 990 2193 hostiles
1005 2117 1200 2193 invasiones
1218 2121 1252 2194 u
1267 2117 1492 2212 spoliationes
1506 2121 1590 2195 alio·

427 2223 525 2294 ‘rum
549 2221 765 2313 populorum
786 2218 960 2308 tendunt,
1000 2215 1196 2291 admittant.
1255 2216 1394 2309 Reliqui
1415 2216 1590 2313 Interpre-

428 2319 497 2390 ³tes
522 2316 615 2390 reete
635 2317 775 2410 quidem
790 2315 834 2388 ad
851 2314 1005 2412 Aegypti
1020 2311 1280 2387 infestationem
1295 2315 1492 2407 adplicant,
1511 2317 1587 2407 sed,

440 2431 674 2508 preterquam
704 2414 798 2506 quod
823 2415 913 2486 intra
924 2417 1047 2580 prima
1065 2411 1304 2506 expeditionis
1325 2413 1454 2488 limites
1477 2417 1587 2506 male,

428 2523 481 2586 'ut
503 2511 606 2604 supra
628 2511 823 2606 disputavi,
852 2531 920 2585 con
954 2509 1112 2605 ringant,
1138 2507 1262 2601 Judaeae
1276 2509 1586 2602 dilacerationem,

427 2611 526 2702 'que
547 2609 590 2681 in·
615 2605 800 2682 summaria
829 2605 1071 2700 propositione
1094 2606 1212 2680 omitti
1236 2629 1312 2682 non
1332 2623 1496 2703 poterat,
1529 2612 1584 2686 hic

427 2707 513 2779 'tion
535 2705 767 2793 detexerunt,
800 2727 866 2776 nec
892 2706 928 2776 in
953 2703 1070 2776 verbis
1093 2705 1313 2798 exponendis
1335 2727 1411 2782 rem
1426 2728 1491 2783 acu
1508 2709 1583 2784 teti-

434 2813 579 2896 gertine
630 2798 805 2873 Verluum
827 2803 922 2874 enini
947 2797 1189 2892 distinetione,
1220 2823 1424 2900 vocumque
1448 2831 1482 2880 'it
1500 2833 1580 2892 oroi

435 2891 711 2985 conjunctione,
745 2917 786 2968 ac
808 2895 988 2984 versione,
1020 2911 1126 2991 paron
1149 2912 1207 2972 out
1225 2903 1343 2974 modico
1365 2925 1437 2976 cvm
1450 2905 1581 3000 popolo,

436 2992 475 3064 iri
499 3012 657 3066 errorem
679 2990 794 3082 dont,
821 2993 1041 3070 Antiochum
1065 3017 1175 3088 pauca
1194 3018 1323 3089 manu,
1348 3001 1497 3076 modicis
1512 3017 1582 3079 tau·

427 3102 515 3162 ‘tum
539 3088 678 3183 copiis,
711 3089 884 3183 cinnum,
912 3092 1115 3191 Aegyptum
1137 3093 1342 3190 occupasse,
1368 3098 1511 3192 praedici
1528 3121 1581 3174 au·

437 3201 589 3262 tument.
641 3185 749 3359 (fiuod
765 3187 835 3262 sese
851 3191 964 3279 tueri,
990 3192 1057 3265 rite
1072 3192 1317 3284 exploratum,
1343 3217 1418 3270 nori
1437 3197 1578 3291 poterit

439 3303 472 3360 1.
494 3285 615 3388 Quia,
704 3285 868 3362 militares
892 3289 1002 3364 vellet
1020 3287 1139 3384 copias
1163 3287 1357 3365 incellestas
1377 3295 1576 3388 propheta,

434 3405 511 3460 non
535 3413 567 3460 ni
590 3399 738 3480 gentem,
765 3383 823 3458 sed
845 3415 903 3475 mn
920 3391 1092 3482 populum,
1119 3386 1176 3458 vel
1190 3391 1241 3461 ‘iii
1257 3395 1383 3484 copias,
1408 3407 1450 3466 ut
1467 3391 1580 3486 paffim

432 3483 536 3574 alias,
563 3481 711 3557 dixisset.
773 3479 919 3558 Nomen
941 3485 1036 3558 enim
1058 3510 1093 3558 iii
1112 3497 1262 3577 gentem,
1296 3485 1330 3559 δι
1352 3509 1426 3562 non
1445 3489 1577 3565 exerti·

432 3597 510 3658 tum
540 3577 706 3676 designat.
758 3601 792 3656 o.
819 3579 912 3679 Quia
935 3585 995 3668 abi
1019 3577 1181 3676 offendit
1204 3596 1289 3657 tnnc
1313 3584 1399 3658 nihil
1414 3585 1579 3678 haberet,

432 3701 590 3776 quocum
607 3675 850 3767 construatur,
877 3677 1031 3752 termino
1046 3677 1088 3752 ad
1104 3701 1231 3772 quem,
1257 3695 1299 3753 ut
1314 3681 1464 3772 dicitur,
1480 3687 1578 3759 nullo

431 3789 645 3852 memorato.
695 3795 727 3868 3.
744 3771 854 3872 ,Quia
877 3795 949 3848 vox
973 3784 1087 3865 nibeis,
1119 3777 1292 3870 particula
1321 3779 1577 3873 conjunctionis

426 3869 490 3965 Ei,
521 3893 596 3969 quae
621 3891 666 3950 eo
688 3872 725 3951 in
749 3870 829 3950 casu
851 3871 971 3969 palliiu
990 3873 1103 3956 adesse
1118 3873 1229 3971 solet,
1256 3895 1399 3974 carens,
1424 3899 1498 3958 uon
1514 3879 1574 3952 nib

1489 3996 1573 4054 clim
