3456 4784
292 415 347 472 m
398 390 760 472 variorum
808 393 1150 475 punieris
1228 415 1299 495 395

152 583 277 660 riosum
300 582 529 682 erigendum,
557 583 652 679 quod
677 585 840 662 ultimum
862 583 1070 680 sequeretur
1091 584 1293 677 judicium,
1367 597 1370 604 ’

150 704 348 758 connexum
370 679 454 754 elle.
505 682 564 758 Ad
584 705 688 778 quarn
711 685 919 779 opinionem
935 706 1018 760 cum
1034 681 1291 777 Apostolorum

148 781 325 872 quaestum
349 779 489 873 respicit
511 781 642 856 Matth.
665 804 766 856 xxrv:
789 805 844 875 3.,
871 803 942 876 quo
958 779 1148 856 destruetio
1164 780 1292 853 Hiero-

70 895 73 902 ·
144 877 283 971 solymae
305 897 387 952 cum
404 878 560 953 adventu
576 877 710 953 Messrae
726 879 903 968 seeundo,
928 902 969 953 ae
985 879 1290 952 conlummatione

20 1041 21 1046 r
142 975 359 1064 seculorum,
385 975 591 1068 copulatur,
618 993 695 1051 tum
719 978 825 1051 etiam
842 977 977 1052 monita
993 973 1119 1049 Christi
1138 975 1291 1050 tendunt

141 1072 224 1146 ibid.
246 1073 335 1145 vers.
360 1093 516 1164 23·-29.,
543 1075 668 1167 quibus
691 1075 957 1162 eosadmonet,
984 1096 1029 1147 ne
1044 1095 1200 1167 peream
1214 1073 1291 1165 opi·

141 1171 285 1244 nionem
310 1166 382 1242 sese
404 1189 423 1240 a
445 1167 534 1241 fallrs
552 1157 737 1263 Prophetis
751 1187 959 1264 paterentur
975 1169 1112 1262 decipi,
1139 1167 1291 1242 Pseudo·

139 1266 303 1340 Mesfiam
320 1287 385 1358 pro
401 1288 477 1338 uero
492 1263 727 1341 adsumentes.
778 1268 900 1342 Munit
915 1267 1021 1344 etiam
1037 1266 1186 1340 eandem
1203 1287 1290 1338 con·

138 1379 194 1438 tra
222 1364 444 1457 opinionem,
455 1359 652 1439 Credentes
672 1363 797 1442 Paulus
827 1365 937 1439 eTh.
964 1385 1021 1438 11:
1048 1385 1080 1438 1.
1105 1362 1139 1436 dt
1164 1362 1289 1438 Petrus

136 1483 170 1535 a.
195 1481 253 1554 ep.
275 1481 353 1534 111.

186 1561 218 1647 §.
235 1556 361 1631 XLlll.
395 1555 507 1633 Verbi
528 1556 732 1653 Prophetici
757 1556 929 1634 consensu
952 1579 1034 1634 cum
1057 1556 1135 1632 visrs
1155 1555 1286 1632 nostris

134 1655 170 1729 in
191 1655 308 1728 lucem
329 1653 530 1747 protrabl03
570 1657 608 1731 in
631 1663 792 1747 rationes,
833 1676 939 1750 quare
960 1656 1137 1751 duplicem
1160 1651 1287 1728 Christi

137 1753 328 1828 adventurn
343 1752 567 1828 confundant
582 1753 787 1848 Prophetae,
807 1752 841 1827 dt
861 1751 1185 1850 regnumMessrae,
1201 1774 1287 1846 qua·

18 1913 20 1924 ,
136 1849 169 1922 le
197 1871 270 1924 non
291 1848 355 1923 nisr
378 1847 456 1944 post
470 1851 581 1927 multa
596 1852 739 1927 demum
759 1850 875 1924 secula
890 1850 1052 1926 futurum
1070 1849 1136 1939 srt,
1163 1839 1305 1944 depin·'

136 1969 218 2046 gere
246 1947 401 2034 soleant,
435 1949 671 2043 inquiramus,
701 1945 867 2043 superest.
918 1948 990 2024 Ubi
1027 1962 1149 2023 nante
1165 1947 1285 2022 omnia

18 2027 20 2092 ἶ
137 2043 313 2120 observari
336 2045 462 2134 velim,
496 2068 564 2122 nec
588 2047 624 2120 in
648 2045 727 2118 visrs
740 2043 886 2135 nostris,
911 2068 980 2122 nee
994 2046 1077 2120 aiibi
1092 2046 1186 2140 apud
1203 2045 1287 2130 Pro}

18 2142 20 2200 :
136 2141 276 2238 phetas,
303 2139 497 2230 adfirmari,
522 2165 673 2240 regnum
694 2141 823 2216 Melsrae
837 2165 943 2234 mox,
969 2143 1041 2217 fine
1058 2143 1131 2217 ullo
1146 2157 1283 2234 tempo·

110 2260 173 2322 ,re
192 2239 431 2326 intermedio,
457 2261 533 2313 eam
547 2239 677 2312 faciem
694 2238 911 2313 habiturum.
962 2237 1068 2334 Lapis
1089 2245 1124 2311 in
1145 2251 1284 2312 montem

17 2337 18 2360 ¹
137 2332 312 2432 excrevlffe
336 2333 429 2409 visus
451 2336 502 2407 est
522 2334 836 2422 Nebueadnezari,
871 2333 930 2407 sed
949 2356 1034 2414 num
1057 2355 1163 2425 mox,
1205 2357 1282 2409 mo·

17 2455 18 2520 3
135 2451 282 2522 ment0,
308 2454 351 2506 an
377 2429 530 2504 successu
548 2432 738 2526 temporis,
764 2452 838 2505 non
854 2431 1002 2512 additur.
1054 2430 1217 2527 Regnum
1232 2429 1283 2504 vi·

134 2531 183 2606 dit
211 2529 345 2606 Daniel
374 2525 463 2602 Filio
485 2532 622 2602 hominis
644 2529 737 2618 duri,
770 2526 851 2616 sed,
873 2531 1005 2624 populos
1026 2529 1057 2600 ei
1072 2525 1282 2624 servituros,

17 2671 19 2702 ¹,
135 2629 171 2703 in
196 2629 325 2704 futuro
348 2625 497 2716 dieitur,
522 2627 682 2720 adeoque
706 2647 775 2701 nec
802 2625 1000 2701 excluditur
1021 2624 1191 2720 temporis
1207 2625 1281 2698 sue.

17 2771 18 2776 =
135 2725 246 2802 celli0.
303 2721 487 2818 Prophetae
503 2723 631 2818 aliquid
646 2721 807 2820 futurum
822 2721 911 2818 saepe
928 2722 1074 2814 dieunt,
1099 2723 1199 2815 cujus
1215 2726 1281 2796 ini·

17 2835 19 2876 ³
135 2830 215 2898 tiam
236 2840 380 2900 tantum
402 2819 453 2894 est
475 2820 812 2916 repraesentandum:
839 2822 999 2914 adeoque
1014 2818 1096 2894 hine
1111 2820 1193 2895 colli
1221 2842 1282 2896 en.

135 2920 216 2997 dum
232 2918 395 3009 nonest,
422 2934 540 2996 totum
554 2919 639 2993 illud
655 2940 740 2994 mox
756 2917 825 2993 elle
841 2915 1108 3014 perficiendum.
1147 2941 1180 2994 a.
1237 2941 1281 2993 ec

134 3017 216 3091 illud
237 3021 300 3093 abs
327 3039 366 3090 re
388 3011 671 3106 fuerit'notaise,
705 3015 835 3090 Meffiae
861 3031 1023 3110 tempora
1043 3017 1080 3090 in
1103 3037 1234 3115 genere
1258 3037 1280 3092 a
1308 3016 1311 3027 “
1448 3109 1451 3118 ,

134 3115 317 3210 Prophetis
334 3112 502 3203 describi,
518 3118 647 3208 absque
664 3127 724 3203 ut,
751 3137 823 3209 quo
840 3113 979 3207 precise
988 3113 1162 3208 'quicquid
1176 3113 1280 3191 fieret

132 3225 324 3309 tempore,
348 3210 513 3285 addatur:
540 3211 634 3304 quod
656 3212 803 3284 eventui
819 3211 1099 3304 &implemento
1114 3209 1281 3304 relinqui·

133 3326 200 3385 tur.
247 3313 310 3389 Sic
330 3310 504 3384 Dominus
527 3308 569 3381 ad
595 3307 796 3401 Discipulos
819 3307 899 3381 hu.
926 3329 956 3380 1:
980 3327 1014 3398 7.
1048 3331 1111 3379 nun
1134 3305 1278 3396 vestrum

133 3405 175 3500 est
185 3407 274 3506 scire
299 3422 439 3503 tempora
464 3406 497 3478 dt
523 3402 743 3501 tempestates,
790 3423 846 3475 uus
868 3401 972 3477 Pater
976 3401 1048 3500 sue
1058 3401 1213 3498 potestati
1229 3427 1278 3478 re·

95 3553 103 3568 ·
134 3505 239 3602 liquit.
292 3505 407 3581 Moris
428 3523 569 3598 quoque
584 3501 652 3576 effe
667 3500 758 3596 apud
768 3427 984 3594 irophetas,
1007 3499 1185 3574 sciendum
1204 3497 1279 3591 est,

134 3601 231 3678 india
255 3603 290 3679 dr
311 3607 538 3700 complementa
558 3599 660 3676 simul
677 3601 800 3676 &uno
815 3598 947 3673 intuitu
962 3597 1214 3692 contemplari,
1241 3597 1278 3672 dr
1323 3605 1326 3610 “

133 3701 180 3775 ob
201 3703 326 3777 oeulos
350 3722 499 3796 ponere.
546 3697 657 3802 Quod
678 3698 813 3774 nemini
836 3719 911 3771 non
933 3717 975 3770 ex
993 3717 1119 3771 eorum
1134 3694 1279 3771 adtenta

110 3797 282 3885 ‚ledione
304 3798 464 3873 constare
488 3795 623 3892 potest,
655 3797 784 3890 saepea
806 3791 861 3870 Cl.
883 3793 1045 3894 Vitringa
1065 3793 1108 3868 ad
1121 3792 1214 3890 Jes,
1242 3791 1278 3868 dt

17 3949 18 3962 ι
133 3900 270 3976 anobis
294 3895 417 3994 supra,
442 3895 668 3976 observatum
683 3893 746 3971 est.
796 3889 965 3994 Quocum
980 3895 1144 3992 proxime
1160 3891 1278 3970 cohae·

679 3990 778 4068 Ddd
803 4011 825 4067 2
1196 3999 1279 4084 ret,
