3418 4754
325 445 382 499 ii>
429 419 793 502 viiaicinia
841 418 1162 501 paninum
1249 391 1369 520 iai)

180 625 290 710 usque
306 613 347 686 ad
363 611 468 690 linem
484 615 624 691 mundi:
649 615 756 706 baec,
782 613 960 691 &horum
981 607 1127 702 similla,
1153 613 1190 686 in
1204 611 1320 686 verbo

178 713 393 806 Prophetico
410 711 452 785 V.
469 711 516 789 T.
535 712 661 788 flustra
674 714 812 806 quaeri,
838 714 956 787 &sine
973 711 1167 788 sufficiente
1181 711 1319 782 ratione

176 808 298 896 statui,
336 810 475 884 censeo.
525 810 623 884 Novi
648 813 811 906 equidem
839 814 974 903 probe,
1005 811 1089 902 quid
1115 806 1317 880 adfirmem:

176 907 235 982 sed
260 929 326 980 nec
349 907 506 994 temere,
531 930 598 990 nec
620 907 689 981 sine
705 909 972 1000 l'rophetiarum
989 924 1176 993 accurata,
1202 903 1318 978 &sae-

177 1007 256 1098 pius
277 1007 449 1098 repetita,
483 1003 732 1094 meditatione,
756 1006 856 1094 cujus
877 1006 945 1078 alio
969 1003 1064 1077 forte
1085 1017 1249 1094 tempore
1268 1019 1319 1069 ra·

173 1103 312 1176 tionem
334 1100 497 1188 reddam,
522 1101 558 1173 id
578 1099 685 1176 facio.
733 1099 851 1200 Quam
873 1101 1073 1176 libertatem
1094 1097 1214 1172 maius
1229 1093 1319 1190 peti·

165 1219 322 1290 ¹musque
343 1195 495 1270 viciffim.
675 1195 682 1202 ’

224 1299 256 1385 §.
275 1291 398 1367 XLlX.
429 1292 596 1382 Possem,
636 1291 662 1364 ll
691 1291 949 1370 Differtationis
978 1293 1107 1368 limites
1136 1291 1318 1386 permitte·

175 1409 278 1474 rent,
304 1389 501 1463 &instituti
519 1393 610 1465 ratio
624 1389 757 1481 ferret,
777 1392 902 1484 judicii
916 1391 986 1466 mei
1003 1391 1178 1478 rationes,
1205 1387 1316 1478 &hy-

173 1486 349 1582 pothesios
364 1487 612 1574 fundamenta,
635 1488 674 1562 in
688 1489 868 1581 publicum
884 1489 1008 1563 edere:
1035 1487 1093 1561 sed
1112 1507 1180 1560 una
1193 1485 1316 1558 altera·

173 1607 222 1656 ve
249 1587 385 1658 ratione
406 1606 502 1658 nunc
520 1601 711 1659 contentus
734 1585 815 1674 lini,
841 1585 979 1660 necesse
997 1583 1060 1658 est.
1102 1603 1143 1662 11.
1165 1583 1316 1654 Primam

172 1681 452 1774 &praecipuam
475 1679 732 1769 subministrat,
767 1683 869 1775 quod
893 1682 1108 1776 propbetas,
1142 1678 1187 1751 de
1209 1679 1315 1750 Nova

170 1778 392 1851 Oeconoinia
421 1780 627 1870 loquentes,
666 1779 701 1852 iri
725 1781 944 1888 generalibus
973 1776 1121 1860 versari,
1160 1776 1258 1848 initia
1279 1775 1315 1845 dt

170 1875 453 1966 complementa,
487 1892 557 1948 tam
580 1875 749 1950 immenso
772 1877 858 1949 licet
881 1875 1071 1950 intervallo
1093 1869 1220 1958 dissita,
1254 1886 1313 1945 tot

168 1971 307 2046 diversis
325 1971 405 2045 satis
423 1969 670 2060 <interstindla,
709 1971 942 2060 comedere,
973 1973 1016 2044 de
1028 1969 1192 2044 ‘Ecclesia
1215 1965 1314 2064 Chri-

168 2067 232 2150 sti,
258 2091 342 2144 mox
363 2071 398 2141 in
422 2070 621 2162 principiis,
661 2085 825 2160 tanquam
847 2071 1088 2144 consummata
1111 2067 1311 2140 sermonem

167 2164 309 2252 facere,
341 2163 541 2238 constanter
562 2163 746 2240 observem
765 2189 777 2252 3
816 2189 883 2238 nec
904 2187 1048 2255 usquam
1070 2177 1130 2236 aut
1153 2163 1310 2236 fatorum

167 2261 437 2344 successionem,
468 2279 528 2334 aut
549 2261 717 2355 singulare
740 2262 879 2354 aliquod
900 2259 1036 2346 fatum,
1071 2259 1225 2350 tempori
1247 2257 1311 2330 suo

168 2358 204 2430 in
223 2360 346 2430 ordine
370 2354 523 2430 fatorum
546 2358 754 2451 adligatum,
788 2360 902 2430 multo
925 2356 1038 2429 minus
1054 2355 1110 2426 vel
1127 2356 1232 2428 unius
1248 2374 1311 2445 pe·

167 2454 258 2527 riodi
276 2452 589 2527 characteristicum
611 2453 726 2526 casum
747 2455 926 2527 exhibere.
978 2451 1154 2525 Vaticinia
1176 2452 1220 2522 ab
1235 2448 1310 2522 aliis

167 2553 287 2645 plura,
306 2552 355 2631 ¹ab
378 2550 470 2632 aliis,
503 2552 562 2642 qui
584 2552 749 2623 liberiore
767 2551 800 2622 dt
816 2549 979 2623 solidiore
994 2565 1143 2624 utuntur
1155 2547 1311 2639 Judicio,

167 2649 333 2742 pauciora
360 2647 532 2740 proferri,
555 2671 614 2722 nic
639 2671 711 2722 non
735 2649 840 2736 latet,
868 2647 925 2720 sed
947 2668 1035 2735 nec,
1061 2646 1171 2720 solido
1185 2646 1219 2719 id
1236 2666 1312 2719 non

77 2825 82 2833 ,
168 2742 243 2820 fieri
266 2745 511 2820 fundamento.
562 2745 670 2916 (guod
691 2746 747 2817 liic
763 2745 938 2838 disputare
955 2767 1029 2817 non
1046 2743 1139 2817 licet.
1189 2743 1311 2817 auo-

168 2845 234 2914 bur
249 2845 339 2917 baud
353 2843 518 2938 exiguum
534 2842 576 2916 ad
602 2846 650 2930 it,
677 2846 772 2935 quod
785 2865 853 2918 nec
870 2842 913 2914 de
927 2839 1142 2934 ludaeorum
1158 2861 1310 2914 conver·

167 2939 263 3012 sione
278 2989 298 3027 ,‚
316 2937 394 3032 post
412 2957 482 3014 tarn
500 2942 638 3038 longam
657 2943 945 3024 obdurationem,
971 2939 1006 3011 in
1024 2936 1093 3012 line
1112 2939 1311 3012 seculorum

168 3036 310 3110 demum
331 3037 469 3114 futura,
486 3060 553 3109 nec
568 3041 611 3110 de
627 3037 868 3124 Antichristo,
887 3037 1031 3128 ejusque
1049 3034 1254 3132 grassatione
1269 3035 1309 3110 in

166 3153 287 3203 veram
305 3129 430 3202 Christi
446 3131 656 3220 Ecclesiam,
675 3135 707 3206 ἀ
723 3136 880 3218 excidio,
892 3156 1033 3222 usquam
1052 3132 1183 3205 diredie
1199 3135 1309 3207 verba

133 3300 136 3310 ,
166 3227 299 3300 saciant
326 3227 532 3314 Prophetae.
592 3251 624 3318 3.
651 3229 876 3320 Comparatio
902 3230 1166 3319 Prophetiarum
1192 3227 1235 3300 V.
1257 3229 1306 3304 T.

51 3361 55 3369 ·
166 3345 249 3400 cum
272 3321 480 3419 Apocalypsi
501 3323 688 3416 Johainis,
728 3323 957 3418 sicutingens
979 3325 1043 3396 bac
1070 3341 1168 3416 parte
1191 3322 1308 3398 discri.

165 3447 269 3510 meri,
302 3446 321 3496 a
343 3419 518 3514 phrasibus
548 3422 582 3494 dt
608 3419 840 3494 adlusionibus
868 3420 1078 3512 Apocalypl.
1105 3421 1127 3492 si
1150 3420 1310 3494 discesse.

167 3523 233 3612 ris,
259 3521 295 3592 in
325 3520 482 3593 omnium
501 3521 625 3593 oculos
642 3520 787 3614 ingerit,
814 3519 861 3590 ita
878 3516 968 3588 haud
984 3511 1132 3588 obscure
1149 3517 1307 3610 indicat,

165 3617 403 3711 Apocalypsin
429 3615 604 3691 deludium
628 3617 851 3706 antiquorum
869 3611 1121 3705 Prophetarum
1139 3614 1308 3709 implere,

166 3718 199 3787 di
224 3739 265 3788 ea
285 3715 493 3800 continere,
520 3737 607 3808 quae
633 3714 674 3787 ad
699 3715 782 3788 illud
800 3733 909 3803 usque
926 3727 1065 3802 tempus
1083 3710 1172 3782 libro
1189 3711 1308 3810 ‘obsig-

165 3831 252 3888 nato
275 3813 386 3887 clausa
411 3807 563 3886 fuerant.
591 3813 761 3905 Apocal,
795 3833 849 3886 eii.
868 3833 939 3906 gr,
964 3808 1002 3882 in
1024 3809 1115 3882 libro
1121 3807 1243 3902 septem
1258 3813 1308 3886 Si.

164 3913 333 4009 gilloruin
363 3935 394 3988 a.
406 3907 502 3987 casus
516 3909 702 4010 singulares
715 3913 759 4081 [lq.
776 3905 982 3985 successivos
1003 3929 1032 3981 t.
1047 3905 1153 3981 status
1169 3907 1202 3982 di
1219 3926 1307 3986 tem·

630 4071 634 4077 .
728 4027 804 4082 <ee
1215 4031 1311 4104 pone
