3502 4758
323 425 380 489 sn
430 401 795 490 vorrcrnrn
843 410 1176 540 onnutrrrs.
1221 392 1322 518 ³14,

177 595 269 674 sunt.
325 593 401 692 ipse
430 594 560 671 Darius
591 593 844 673 Codomannus
874 599 966 674 hanc
994 601 1085 676 viam
1109 603 1251 691 tenuit,
1284 603 1317 678 dc

76 725 79 730 ·
176 695 378 773 Alexandro
401 697 570 785 majorem
595 708 807 787 praetextum
830 699 981 789 prebuit
1009 697 1125 772 Persas
1148 699 1316 776 invaden.

174 795 222 869 di.
249 785 369 866 *lnter
391 791 544 866 rationes
567 791 670 882 belii,
696 790 807 866 Dario
828 794 936 884 illati,
962 793 997 868 dt
1020 796 1111 871 hane
1127 797 1187 869 dat
1210 798 1316 870 Alex-

172 892 281 968 ander
301 891 339 963 in
360 889 486 964 litteris
507 887 550 960 ad
570 911 653 964 eum
682 893 774 983 apud
797 892 935 964 Arrian.
964 893 986 966 l.
1010 907 1058 966 11.
1073 915 1110 986 p.
1138 897 1195 984 84.
1220 895 1317 987 quod

167 995 323 1088 pecunias
350 986 473 1083 miserit
493 987 536 1058 od
557 981 813 1059 matronatus
836 987 871 1060 δι
896 987 1023 1062 Grecos
1044 994 1314 1086 corrumpendos,

120 1149 124 1156 ,
171 1088 204 1172 dc
223 1103 362 1182 pacem,
392 1088 436 1158 ab
458 1082 663 1180 Alexandro
683 1083 777 1156 inter
797 1083 943 1159 Graecos
964 1085 1216 1175 constitutam,
1249 1090 1315 1162 dis·

163 1185 367 1280 soiuondono.
422 1179 619 1271 Denique,
657 1200 733 1272 quae
759 1179 820 1250 hic
843 1180 887 1250 de
910 1182 1041 1253 divitiis
1061 1182 1235 1256 immensis
1258 1184 1317 1256 ha.

154 1285 333 1362 nentur,
365 1277 402 1348 in
423 1275 536 1346 Dario
557 1275 684 1346 ultimo
706 1271 840 1347 summa
857 1275 1012 1366 emphasi
1032 1295 1118 1347 vera
1139 1276 1315 1365 fuerunt3

177 1392 219 1452 ut
241 1395 286 1446 ex
309 1369 512 1457 historicis,
544 1371 602 1464 qni
624 1389 681 1440 res
703 1367 809 1441 Alex.
830 1369 884 1442 M.
908 1367 1218 1463 conscripserunt,
1251 1388 1316 1447 tra·
1414 1423 1423 1428 -

175 1472 326 1548 latitium
351 1465 413 1540 est.
462 1463 584 1562 Qualis
605 1463 739 1538 Xerxes
757 1461 848 1554 fuit,
875 1467 934 1558 qui
953 1467 1087 1560 primus
1104 1466 1248 1544 Grecos
1260 1491 1316 1544 ac-

173 1567 315 1656 cendit,
349 1564 425 1638 tuiis
444 1557 513 1636 suit
533 1559 691 1654 Darios,
725 1558 786 1636 sub
806 1583 878 1656 quo
897 1563 1013 1638 Graeci
1035 1562 1152 1640 Persas
1171 1587 1314 1661 oppres·

168 1671 300 1743 serunt.
1215 1727 1218 1736 .

219 1766 251 1854 §.
275 1755 434 1834 XXXIX.
477 1753 575 1830 Nihil
597 1754 725 1850 restat,
758 1779 859 1851 quam
889 1769 930 1834 ut
952 1772 1091 1852 quatuor
1112 1763 1185 1836 aias
1206 1767 1317 1850 ouis,

169 1857 281 1959 pardo
304 1879 325 1928 a
348 1869 437 1950 tergo
464 1853 708 1946 adherentes,
741 1854 812 1929 five
842 1856 914 1931 duo
941 1855 1080 1931 alorum
1106 1859 1230 1950 paria,
1271 1859 1316 1934 ad

168 1978 319 2056 regnum
335 1951 512 2027 Persarum
527 1951 715 2046 adplicem.
764 1951 848 2052 Quo
864 1949 927 2026 fini
943 1951 1102 2028 resecatis
1118 1955 1211 2030 bene
1225 1956 1316 2030 mul·

169 2059 242 2144 tis,
281 2072 358 2147 quae
391 2049 434 2122 de
463 2052 553 2138 aiis,
590 2070 782 2144 earumque
810 2045 1003 2148 significatu
1032 2051 1316 2142 emblematico,

167 2150 346 2252 proferri,
371 2146 462 2219 &ad
484 2146 553 2219 hoc
574 2168 723 2242 regnum
743 2147 924 2222 transterri
941 2146 1099 2240 possent,
1124 2149 1255 2243 dequo
1270 2147 1316 2222 ad

166 2249 292 2324 Leonis
316 2243 503 2338 imaginem
523 2245 680 2333 quedam
704 2244 796 2332 dixi,
819 2242 987 2334 premitti
1009 2245 1140 2333 velim,
1165 2243 1263 2335 Cyro
1277 2246 1317 2318 in

162 2343 312 2438 ¹somnio
340 2341 453 2412 visum
481 2335 588 2424 fuisse
610 2339 762 2410 Darium
796 2337 997 2428 Hystaspis,
1030 2332 1147 2432 ἔχοιτο
1180 2345 1230 2410 ἐπὶ
1259 2347 1319 2411 edo

169 2439 262 2539 ὤμων
290 2464 471 2530 arnoyme,
508 2441 559 2502 aot
590 2432 700 2510 rsre'er
726 2439 765 2514 rii
792 2435 846 2527 pio
881 2432 931 2514 τὶν
964 2437 1085 2519 sutor,
1128 2440 1168 2512 τιῖ
1197 2429 1235 2503 δι’
1267 2429 1321 2514 τὺ
1415 2481 1423 2493 .

171 2535 320 2638 r’ogdoroo
350 2527 562 2624 ἐπισκιάζειν,
600 2533 635 2600 in
663 2531 804 2600 honeris
829 2530 993 2600 habentem
1016 2531 1110 2615 aios,
1148 2549 1320 2621 torumque

168 2640 280 2710 oitoro
301 2625 443 2721 Astom,
469 2628 575 2696 altero
588 2623 757 2719 Europam
775 2628 963 2700 obumbrant
1020 2649 1036 2714 ,·
1062 2637 1101 2700 ut
1117 2639 1234 2700 narrat
1248 2625 1322 2700 He·
1345 2629 1349 2638 '

170 2731 295 2808 rodet.
321 2729 344 2801 l.
369 2747 399 2798 r.
425 2744 457 2796 c.
482 2743 561 2816 209.
589 2723 684 2816 quod
706 2721 751 2794 de
773 2720 853 2796 Asta
880 2723 916 2798 dt
969 2743 1101 2816 uropa,
1135 2721 1198 2818 ipsr
1217 2721 1321 2816 subji.
1465 2811 1468 2820 υ

46 2842 49 2854 “
169 2828 325 2917 cienda,
356 2823 606 2914 interpretatus
636 2817 686 2893 est
720 2818 856 2913 Cyrus.
904 2817 1014 2918 Quod
1038 2841 1140 2912 quam
1163 2841 1322 2915 propes

170 2925 298 3002 nostro
318 2917 405 2994 abiot
428 2915 536 3009 viso,
566 2916 692 3012 sponte
714 2923 776 2994 sua
797 2919 978 2992 elucescit.
1038 2916 1118 2990 Nec
1142 2916 1230 2992 iilud
1256 2920 1322 2992 ob·

161 3022 317 3097 ‘servato
344 3014 525 3110 indignum
554 3013 632 3109 est,
665 3012 810 3088 Aiorum
839 3035 1029 3090 numerum
1056 3017 1322 3107 quaternarium

174 3137 263 3194 eum
292 3125 428 3208 quotuor
451 3109 622 3199 capitibus
638 3110 708 3184 effe
729 3112 1025 3207 comparandum.
1048 3111 1232 3205 adeoque,
1258 3109 1332 3198 fin<

177 3215 271 3316 gulis
300 3204 473 3300 capitibus
503 3203 559 3272 oio
587 3203 786 3290 adtributa,
819 3209 863 3282 ad
889 3221 1027 3302 quatuor
1049 3207 1170 3282 Persrae
1190 3211 1326 3301 primos

166 3329 312 3408 ¹reges,
341 3322 430 3398 quos
458 3317 525 3391 per
548 3301 655 3390 capito
678 3299 823 3395 intelligi
847 3303 1018 3392 probavi,
1056 3305 1262 3395 pertinere,
1293 3304 1328 3374 dt

171 3409 257 3484 ‚tale
283 3401 365 3500 quid
386 3391 667 3490 representare,
697 3392 793 3485 quod
816 3395 947 3470 alarum
973 3399 1176 3470 emblemati
1197 3415 1331 3468 conve·

28 3533 29 3546 ι
66 3509 71 3522 “
180 3506 327 3582 nienter
349 3493 542 3590 infinguiis
563 3491 686 3566 lucum
710 3489 844 3563 habuit.
892 3492 934 3562 ln
955 3511 1026 3581 quo
1048 3489 1333 3564 nihilest'arces·

31 3775 33 3796 ¹
183 3795 271 3870 sunt
293 3813 369 3865 non
390 3785 434 3861 ad

181 3601 269 3688 fisi,
309 3593 396 3669 nihil
418 3589 512 3685 quod
538 3588 664 3682 sponte
687 3586 747 3661 sna
768 3584 803 3658 se
832 3607 907 3660 non
933 3589 1171 3661 commendat.
1236 3585 1331 3686 Qua.

30 3739 33 3772 ι
183 3717 272 3775 tuor
299 3693 395 3768 enim
421 3687 583 3859 capito&
606 3685 842 3760 totidem‘oio
866 3685 902 3761 in
936 3701 1007 3756 una
1030 3681 1136 3756 bestia
1158 3703 1230 3758 non
1252 3707 1333 3780 pos.

464 3805 484 3856 e
500 3784 653 3858 invicem
669 3781 854 3884 respicere.
905 3779 1082 3870 Accedit,
1108 3794 1258 3877 quatuor
1276 3805 1331 3857 re-

183 3915 250 3992 ges
273 3890 352 3964 illos
372 3881 473 3960 fuisse
495 3882 555 3956 duo
579 3901 704 3980 regum
725 3879 841 4050 parlin,
868 3893 909 3958 ut
927 3877 975 3958 fic
995 3879 1138 3974 loquar,
1154 3900 1156 3904 ’
1172 3881 1338 4052 ιείρεὲὶὲιι
