3440 4774
338 403 1431 524 -63000MMENTAR1US

441 593 533 671 tium
556 597 664 667 verba
686 608 834 692 gerunt,
868 592 926 685 qui
952 584 1118 665 beneficii
1139 585 1222 659 loco
1245 583 1338 660 illam
1355 584 1590 664 multitudinis

440 693 713 766 adsociationem
749 690 958 764 conliderari
985 689 1099 779 jubet.
1158 705 1191 759 a.
1221 683 1301 756 Nec
1324 706 1407 758 cum
1436 687 1590 759 veritate

439 789 589 862 lristoriae
622 790 799 862 conciliari
829 788 965 880 poterit
985 788 1058 856 buc
1085 797 1201 854 tantae'
1217 783 1450 856 multitudinis
1474 783 1591 857 fucata

440 888 642 961 adl'ociatio.
696 885 874 977 Apostatae
892 881 1093 958 manserunt
1109 896 1148 953 ut
1163 881 1352 972 plurimum
1366 881 1479 974 aperti
1494 883 1591 954 Mac.

441 988 641 1058 cabaeorum
659 983 801 1069 hostes,
827 1004 917 1068 nec,
945 981 966 1052 sr
984 979 1039 1051 bic
1055 979 1125 1048 illic
1142 978 1226 1049 tales
1243 976 1314 1049 sel'e
1331 980 1371 1049 iis
1385 979 1588 1068 junxerint,

440 1101 628 1155 numerum
651 1080 828 1154 fecerunt.
880 1079 1083 1150 'l'entarunt
1103 1075 1243 1166 quidem
1269 1075 1431 1148 nonnulli
1453 1076 1590 1151 eosfal·

438 1179 569 1252 lacibus
602 1182 717 1251 verbis
748 1180 783 1251 in
807 1193 922 1268 partes
945 1175 1019 1247 suas
1042 1172 1198 1254 trahere,
1236 1172 1354 1246 &fibi
1377 1173 1587 1270 adjungere,

440 1275 500 1348 sed
516 1299 588 1350 non
605 1275 732 1349 admilli
750 1275 847 1361 sunt,
873 1297 940 1348 nec
955 1275 995 1344 iis
1009 1269 1163 1343 fiderunt
1179 1269 1370 1342 Maccabei
1385 1318 1397 1359 ,
1419 1285 1461 1345 ut
1475 1291 1590 1348 exem·

440 1377 538 1468 plum
564 1372 615 1446 est
646 1375 795 1448 1br1acc.
821 1393 887 1446 vri:
916 1395 971 1460 10,
1008 1389 1062 1442 11.
1114 1365 1351 1441 crediderunt
1375 1369 1515 1459 quidem
1531 1371 1590 1443 Al·

442 1473 536 1544 cimo
560 1494 640 1545 cum
666 1474 776 1562 copiis
801 1467 1007 1554 accedenti,
1042 1462 1352 1556 &Hierosolymo
1375 1467 1417 1536 ad
1437 1465 1590 1540 sacerdo·

441 1570 531 1642 tium
549 1566 794 1661 capellendum
811 1566 949 1640 admitti
964 1563 1148 1658 cupienti,
1175 1563 1336 1636 nonnulli
1354 1563 1589 1656 Asrdaeorum,

441 1687 528 1740 mox
545 1663 678 1758 perfide
695 1664 917 1753 obtruncati3
944 1661 1003 1734 sed
1018 1660 1102 1732 illud
1117 1659 1205 1733 tanti
1220 1681 1293 1733 non
1309 1657 1383 1747 est,
1409 1683 1479 1734 nec
1494 1663 1592 1754 phra-

445 1759 530 1835 lium
549 1764 618 1835 vim
638 1763 710 1834 ullo
726 1763 834 1835 modo
849 1757 998 1854 praestat.
1048 1755 1128 1830 Nec
1145 1756 1294 1831 multum
1312 1757 1442 1830 adrem
1460 1758 1592 1834 faciunt

444 1857 517 1931 duo
541 1859 619 1930 loca
639 1861 681 1930 ab
705 1858 757 1930 lll.
781 1859 911 1930 Grotio
937 1879 980 1928 ex
1017 1877 1033 1928 1
1053 1855 1168 1929 Mace.
1187 1877 1221 1927 v:
1237 1857 1295 1944 56.
1318 1854 1514 1928 &ablato
1530 1879 1591 1932 xri:

442 1975 502 2042 40.
530 1953 586 2026 bic
607 1953 770 2041 addutla3
813 1954 866 2025 uti
887 1953 1020 2050 legenti
1039 1951 1144 2025 facile
1169 1951 1361 2044 adparebit.
1419 1951 1590 2046 Josephus

440 2050 475 2122 dc
499 2049 667 2137 Ananias,
694 2051 801 2122 duces
824 2051 1026 2141 copiarum,
1059 2047 1156 2138 lese,
1182 2067 1222 2122 ut
1239 2050 1359 2141 priore
1374 2049 1457 2124 loco
1476 2073 1589 2125 narra·

442 2161 521 2238 tur,
554 2162 677 2222 contra
705 2147 804 2238 Judae
825 2146 952 2239 jussum
978 2145 1136 2221 hostibus
1159 2147 1433 2240 implicuerunt,
1465 2164 1506 2222 ut
1528 2171 1590 2224 no-

441 2267 524 2319 men
543 2248 576 2318 dr
599 2246 659 2340 ipsi
675 2245 863 2336 facerent,
889 2243 1035 2338 caesrque
1058 2242 1158 2332 sunt,
1183 2247 1262 2335 quia
1277 2267 1352 2318 non
1367 2263 1469 2319 erant
1490 2268 1532 2319 ex
1547 2269 1592 2320 eo·

439 2365 514 2416 rum
531 2341 679 2437 semine,
706 2365 769 2438 per
790 2366 864 2440 qnos
888 2343 983 2415 Deos
1004 2341 1156 2431 lsraelem
1182 2363 1276 2416 nunc
1296 2341 1447 2416 liberare
1465 2347 1590 2420 voluit.

371 2485 373 2496 ι
439 2437 529 2538 Qua
554 2442 660 2538 longe
676 2442 739 2515 alia
756 2440 858 2531 suut,
883 2463 923 2516 ac
938 2443 1057 2516 animo
1072 2437 1217 2526 doloso,
1246 2439 1279 2511 δι
1296 2440 1497 2534 decipiendi
1512 2467 1593 2539 pro·

438 2537 573 2632 polito,
600 2538 670 2611 sese
691 2539 880 2635 adjungere
905 2537 1133 2622 Maccabeis3
1164 2558 1233 2608 nec
1258 2541 1356 2610 multi
1379 2539 1521 2632 poliunt
1535 2541 1589 2613 ad-

438 2636 574 2730 pellarit
626 2635 825 2710 Posteriore
855 2637 937 2708 leco
955 2633 1127 2724 nonnulli
1152 2631 1380 2725 Judaeorum,
1414 2637 1450 2709 in
1468 2641 1589 2730 praelio

438 2731 537 2825 Judae
561 2757 642 2806 cum
665 2735 797 2828 Gorgia
818 2733 941 2819 occifi,
976 2730 1180 2826 deprebensa
1204 2733 1370 2828 leguntur
1388 2755 1467 2808 cum
1491 2737 1587 2807 inlotis

430 2826 494 2921 sub
512 2825 663 2917 vasillus.
715 2829 821 2926 Quod
838 2831 1003 2920 quidem,
1029 2828 1052 2899 fi
1069 2851 1192 2902 verum
1212 2829 1279 2918 sit,
1305 2833 1454 2902 animum
1474 2831 1591 2905 idolo-

439 2924 602 2995 latricum
629 2945 754 2997 eorum
776 2924 1013 3014 demonstrat,
1047 2923 1193 3000 sednon
1211 2925 1363 3000 dolosam
1379 2923 1587 3002 adsociacio.

439 3041 522 3094 nem
538 3039 619 3094 cum
636 3020 865 3110 blaccabaeis,
891 3023 933 3096 ad
951 3025 991 3096 iis
1008 3024 1229 3098 nocendum:
1252 3047 1319 3098 nec
1334 3024 1381 3096 illi
1395 3046 1586 3104 numerum

439 3116 616 3190 fecerunt.
690 3140 721 3200 a.
749 3117 908 3193 Verbum
937 3121 1088 3214 denique
1120 3127 1173 3197 aba
1199 3123 1421 3218 adjungentur
1452 3127 1586 3218 majore

438 3213 552 3308 pollet
581 3215 752 3308 emphasi,
780 3239 882 3312 quam
905 3218 1059 3293 simulata
1080 3219 1196 3292 adfert
1216 3219 1406 3294 adsociatio
1428 3241 1585 3300 externa.

439 3309 685 3388 Tenerrimam
702 3315 796 3388 enim
816 3315 847 3387 u
864 3315 1173 3404 familiarillmiam,
1196 3319 1316 3393 multis
1329 3321 1477 3393 nexibus
1492 3343 1587 3395 com·
1716 3309 1717 3318 ἶ

438 3411 621 3503 plicatam,
649 3411 852 3487 societatem
869 3435 908 3486 ac
923 3413 1235 3504 consuetudinem,
1270 3432 1310 3489 ut
1326 3438 1382 3491 ex.
1398 3439 1450 3515 gr.
1473 3420 1587 3492 mariti
1716 3475 1717 3508 ,

284 3507 333 3564 Ν
437 3511 628 3592 daurons,
653 3510 804 3584 hominis
828 3533 909 3584 cum
936 3511 1017 3584 Deo
1039 3513 1148 3599 uniti,
1175 3511 1381 3604 designata,
1409 3521 1586 3610 apropria
1716 3531 1717 3544 ³

436 3610 702 3700 circumpliconcb‘
730 3607 773 3690 ἐξ
796 3609 975 3682 innectendi
989 3659 1000 3694 ,
1040 3617 1315 3700 novennales,
1348 3615 1468 3688 multis
1490 3614 1583 3704 loiris

435 3727 475 3778 ac
493 3705 659 3788 flexibus,
686 3703 958 3802 significatione,
986 3730 1061 3798 quae
1076 3710 1110 3781 in
1128 3737 1199 3802 mna
1222 3707 1437 3796 Leointbnn,
1454 3709 1586 3807 finan·

435 3815 466 3875 te
485 3807 772 3898 contortnplicato,
797 3805 830 3877 dc
861 3833 895 3907 rra
909 3813 969 3880 rab
983 3810 1099 3880 corolla
1113 3809 1251 3902 gratio,
1278 3809 1437 3902 leuserto
1450 3813 1583 3981 plexr'fr',

1475 3931 1534 3984 mu
1549 3929 1582 3984 ta

468 4022 582 4082 aGen.
609 4037 696 4086 xxix:
718 4037 765 4096 34.
787 4021 842 4101 les.
864 4041 935 4087 tur:
960 4033 992 4090 6.
1015 4023 1103 4090 Zach.
1127 4043 1173 4092 11:
1197 3991 1242 4104 ις’.
1265 4027 1310 4092 rt
1336 4043 1471 4093 txxxrrr:
1489 4044 1519 4099 9·
