3440 4774
420 404 493 494 a„
602 377 1400 462 commensuratus

425 581 571 654 cessario
593 575 721 671 exigit,
749 587 788 650 ut
808 571 890 648 huic
905 574 987 651 Deo
1000 574 1173 672 Templa,
1198 574 1417 669 statuasque,
1442 569 1582 647 eteuu-

427 701 486 753 rus
502 677 563 764 lit,
590 675 621 746 dr
644 673 855 748 ceremonris
880 675 942 745 reli
970 674 1045 748 iosrs
1061 677 1240 764 culturus,
1267 695 1416 768 quorum
1432 671 1584 744 hicnul-

430 777 503 946 lurp
526 772 684 850 occurrit
708 769 914 870 vestigium:
940 698 1019 864 tged,
1046 770 1133 849 ficut
1147 774 1190 846 de
1205 772 1375 848 Romanis
1391 769 1458 846 suis
1475 769 1586 864 Juve-

432 897 477 950 na
492 895 519 948 is
535 905 569 948 o.

534 1065 798 1167 Qrondoqnidem
816 1073 903 1142 inter
924 1063 1183 1164 notsnntiiffimo
1198 1067 1401 1142 diuitiarum

467 1159 490 1188 ⁸
535 1164 721 1263 majestas,
746 1163 803 1259 etfi
813 1163 950 1260 funesto
960 1172 1099 1266 peponia
1113 1169 1226 1261 tempto

535 1261 691 1338 Nondum
707 1267 854 1355 habitos,
877 1270 985 1340 nullos
1000 1285 1201 1340 nnnnnorum
1219 1268 1379 1339 ereximus
1392 1279 1482 1332 uror.

443 1459 644 1555 fimpiicuer
667 1458 877 1558 significatur
911 1483 941 1535 1.
956 1481 1037 1536 cum
1058 1461 1161 1534 Pluto
1174 1458 1278 1535 unice
1295 1455 1374 1530 iore
1390 1455 1592 1546 devotum,

445 1561 480 1633 u
505 1575 583 1631 toto
607 1558 724 1632 animo
746 1561 946 1650 litaturum,
973 1560 1069 1650 quod
1092 1559 1190 1631 Plato
1213 1561 1228 1616 t
1254 1555 1342 1630 dixit
1363 1553 1594 1650 nmlrrhpob,

448 1677 483 1730 2.
507 1655 544 1727 in
566 1658 693 1750 opibus
719 1654 815 1730 suam
837 1655 1034 1748 domusque
1058 1655 1205 1730 tutelam
1225 1651 1517 1739 collocaturum,
1542 1649 1596 1724 iis-

449 1773 540 1846 que,
579 1769 744 1845 tanquam
775 1753 911 1827 arcibus
935 1753 969 1825 &
992 1751 1189 1850 perfugiis,
1228 1750 1332 1825 unice
1359 1751 1481 1823 nixum
1507 1747 1596 1822 fore.

449 1871 485 1941 2.
510 1848 549 1920 ln
566 1849 606 1921 iis
622 1849 847 1923 corradendis
862 1849 1160 1926 &coacervandis
1175 1845 1409 1935 totumsore,
1435 1845 1531 1921 naula
1546 1847 1597 1934 ju·

451 1943 580 2034 stiriae,
619 1966 664 2017 ne
693 1935 872 2040 religionis
896 1945 1067 2040 quidem,
1105 1945 1400 2032 habitatatione,
1440 1943 1598 2037 adeoque

451 2038 579 2116 cunta
603 2040 662 2114 sua
688 2043 923 2129 molimina&
946 2043 1104 2119 instituta
1128 2043 1172 2116 ad
1193 2065 1270 2116 eam
1290 2039 1505 2116 diretturum
1519 2063 1598 2113 nor·

453 2161 568 2230 mam,
587 2157 636 2214 'ut
659 2141 844 2234 adpareat,
884 2141 1019 2216 nullum
1043 2139 1188 2224 Numen
1210 2139 1272 2215 srbi
1292 2161 1363 2234 prae
1386 2137 1490 2212 Pluto
1510 2159 1601 2213 curae

457 2237 628 2330 cordique
649 2236 740 2327 eise,
766 2236 878 2311 sacros
895 2239 1003 2312 etiam
1015 2236 1194 2312 thesauros
1210 2235 1428 2332 diripiendo,
1452 2233 1535 2309 &T
1536 2257 1605 2312 ern·

458 2337 517 2432 pla
533 2337 570 2411 in
585 2338 731 2433 gratiam
747 2334 839 2410 Pluti
853 2332 903 2410 sui
922 2334 1116 2430 spoliando.
1146 2359 1181 2428 4.
1197 2335 1304 2426 Hunc
1319 2335 1473 2426 denique
1489 2333 1605 2412 Deum

459 2436 561 2510 suum
583 2435 725 2529 publice
745 2432 1003 2512 ostentaturum
1018 2431 1294 2527 &jadaeorum
1320 2453 1408 2528 opes
1424 2431 1609 2509 &divitias

460 2531 537 2606 suas
552 2534 589 2606 in
605 2533 787 2626 publicum
802 2529 1037 2627 proferendo,
1066 2528 1296 2606 &ambitiose
1310 2552 1431 2606 eoram
1448 2531 1609 2618 omnium

462 2631 577 2704 oculis
597 2629 825 2725 exponendo.
857 2628 967 2798 quod
980 2628 1065 2705 ficut
1082 2630 1259 2702 honorandi
1274 2627 1387 2704 verbo
1401 2626 1500 2702 reue
1516 2651 1611 2704 com·

463 2728 716 2822 prehenditur,
748 2743 789 2800 ut
809 2725 911 2800 socie
935 2740 1054 2820 patet,
1085 2726 1134 2801 ita
1159 2727 1343 2802 luculento
1366 2725 1555 2822 specimine
1575 2728 1614 2802 in

464 2825 555 2896 ludis
577 2824 611 2894 &
632 2823 856 2915 speuacurrs,
888 2844 1002 2916 prope
1022 2825 1251 2901 Antiochiam
1272 2826 1364 2899 circa
1381 2821 1487 2898 linem
1510 2825 1615 2920 regni

465 2919 652 3006 institutis,
678 2937 832 3010 quorum
850 2919 1013 2995 notitiam
1031 2919 1129 2995 dedit
1152 2945 1195 2998 ex
1210 2923 1353 3017 Polybio
1369 2919 1563 2995 atuenaeus
1578 2957 1620 3014 c,

468 3015 588 3087 &nos
611 3014 711 3108 supra
734 3016 977 3110 meminimus,
1002 3017 1176 3114 praestitit.
1220 3018 1423 3097 Celebravit
1439 3019 1539 3095 enim
1556 3041 1618 3094 eos

469 3110 667 3186 incredibili
704 3133 870 3206 pompa,
914 3115 950 3191 dt
989 3109 1133 3192 infinitis
1167 3118 1363 3211 sumtibus,
1401 3139 1449 3191 eo
1478 3131 1616 3195 tantum

471 3207 600 3303 scopo,
627 3223 669 3286 ut
691 3210 883 3288 Aemilium
903 3211 1060 3292 Paullum
1081 3213 1325 3294 Romanorum
1347 3217 1618 3312 imperatorem,

472 3308 588 3400 quiin
612 3308 825 3395 hlaee'donia
846 3309 945 3385 ludos
966 3311 1143 3401 ediderat,
1181 3317 1412 3412 largitionibus
1433 3329 1620 3412 operumque

472 3408 717 3502 magnitudine,
759 3405 847 3481 teste
868 3405 1041 3503 Polybio,
1074 3415 1288 3488 antecelleret.
1345 3410 1480 3486 Cantha
1505 3413 1620 3507 itaque

475 3501 579 3580 Pluto
593 3504 658 3579 suo
669 3505 899 3597 honorando,
925 3509 1099 3604 &opibus
1115 3507 1349 3600 ostentandis,
1373 3509 1619 3586 inserviebant.

475 3600 585 3701 Quod
604 3601 784 3678 Diodorus
806 3603 939 3682 Siculus
961 3611 979 3670 d
1000 3628 1141 3700 quoquc
1162 3605 1367 3694 confirmat,
1402 3609 1618 3684 Antiochum

476 3701 617 3778 uadens
635 3701 763 3778 mutius
783 3705 912 3800 imperii
934 3717 1003 3806 opes
1019 3709 1054 3780 in
1070 3729 1169 3780 unum
1183 3709 1286 3781 iocum
1301 3702 1452 3803 corgrffe,
1479 3699 1622 3904 Jquofi

565 3831 571 3838 ·
683 3801 696 3844 '¹
733 3801 740 3812 '
792 3824 804 3842 ²
1500 3805 1621 3902 pertun

488 3915 805 4030 'asarmoth'
932 3951 1335 4033 bRep.i.vrrr.p.548.‚
1468 3949 1617 4024 einp

482 4039 548 4110 194,
690 4029 861 4111 dExcerpt.
882 4028 976 4090 Vaics.
997 4048 1026 4110 p.
1049 4035 1114 4103 318.
