3494 4802
305 397 364 504 m
408 419 779 507 vurtcuutn
828 419 1170 511 uturum.
1217 396 1323 531 '1⁴97

30 689 32 724 ,
173 581 363 718 'lilexan‘dri
393 617 653 713 expeditiones3
692 619 838 711 quibus,
871 617 1005 697 Graecis
1026 615 1142 694 subito
1162 619 1198 695 in
1220 619 1315 694 oreli-

170 731 253 789 nem
277 715 442 803 relatus,
470 717 568 790 Darii
589 721 768 790 exercitus
789 717 1015 816 profligauit,
1042 719 1191 811 populos
1210 739 1314 812 quos·
1416 774 1419 791 ,

30 847 32 870 r
168 823 309 903 cunque
335 813 464 890 invicta
491 815 623 887 virtute
646 837 710 910 per
727 814 841 889 Asiam
860 817 894 889 δι
911 815 1104 910 AEgyptum
1124 813 1314 908 prostravit

30 913 31 1002 g
119 938 122 946 ·
166 907 202 980 bc
224 907 394 983 domuit?
425 907 588 984 Ferreum
609 915 680 984 vim
705 931 876 1004 praeterea
903 913 1055 985 exseruit
1078 931 1154 986 tum·
1177 913 1212 985 in
1231 933 1312 1006 pcr-

30 1003 33 1090 l
163 1006 281 1094 petuis
304 1006 479 1094 victoriis,
504 1009 627 1099 quibus
646 1009 777 1082 nemini
804 1009 1006 1096 succubuit,
1032 1010 1117 1081 nulli
1135 1007 1222 1082 hosti
1237 1031 1312 1083 ces·

30 1097 31 1176 Ϊ
161 1097 229 1190 fit,
255 1117 332 1176 tum
357 1106 391 1176 in
419 1103 511 1175 facili
527 1106 561 1177 bc
577 1106 753 1177 lubicanca
769 1107 927 1178 omnium
968 1107 1105 1178 entium
1120 1103 1309 1196 oppreffio·

30 1187 32 1224 ¹
159 1199 232 1286 me,
269 1215 344 1272 tum
375 1201 528 1304 denique
559 1201 594 1271 in
620 1200 870 1292 multiplicibus
893 1129 1045 1273 hofiium
1068 1203 1241 1282 cudibus,
1274 1201 1311 1274 bt

158 1296 306 1367 urbium
329 1297 516 1368 multarum
541 1293 852 1369 destructionibus:
876 1297 1058 1388 dequibus
1076 1317 1170 1370 mox.
1219 1294 1313 1394 Quae

30 1431 31 1442 .
156 1389 286 1463 omnia
306 1391 369 1464 sub
390 1393 459 1466 hoc
479 1393 691 1465 emblemate
713 1393 851 1481 latent,
892 1391 925 1464 bc
947 1415 990 1466 er
1016 1390 1156 1465 historia
1176 1393 1210 1466 in
1233 1395 1312 1466 vul·

30 1495 31 1542 l
157 1507 227 1584 gus
250 1503 337 1560 nota
358 1489 449 1561 sunt.
500 1489 617 1562 Unum
640 1491 759 1582 itaque
783 1491 980 1562 alterumve
1002 1487 1219 1576 delinfraiio
1233 1477 1338 1581 eJus

156 1585 301 1672 animo,
326 1583 358 1655 ἃ
385 1583 514 1657 invicia
535 1586 687 1674 virtute,
713 1588 769 1659 cui
792 1585 877 1660 nihil
894 1583 1051 1658 resistere
1067 1602 1229 1680 poterat,
1255 1601 1309 1659 te·

155 1677 361 1755 stimonium
377 1679 559 1774 protulisse
574 1680 762 1756 suffecerit.
813 1669 1036 1770 merallu,
1061 1681 1150 1754 teste
1167 1682 1309 1757 Arriam

155 1791 236 1870 enp.
262 1777 364 1851 Alex.
388 1779 410 1851 l.
439 1799 493 1852 tv:
520 1801 553 1872 p.
580 1783 657 1852 180.
683 1779 769 1852 nihil
793 1777 852 1852 sibi
877 1783 1127 1874 inexpugnabile
1151 1779 1305 1856 censuit:

155 1873 257 1967 quod
280 1895 361 1948 mox
386 1897 421 1970 p.
448 1877 527 1948 181.
554 1873 601 1946 de'
623 1873 697 1968 ipso
719 1873 887 1964 testatur,
920 1877 1062 1961 dicens,
1094 1873 1306 1964 Alexandro,

155 1973 286 2066 ejusque
308 1977 482 2058 exercitui,
511 1975 572 2063 βιςι
591 1975 659 2044 §iit
682 1969 717 2060 ὅ,
738 1973 761 2044 lt
784 1977 838 2066 εἶχ’
859 1972 978 2044 tiburtin
1003 1969 1075 2046 εἶναι
1096 1976 1201 2061 nibil,
1224 1972 1306 2068 quod

154 2073 193 2140 vi·
218 2091 285 2140 nun
307 2063 380 2164 effer
385 2065 578 2162 superabile.
628 2066 736 2166 Quod
756 2069 989 2161 ipl'uml.vn.·
1037 2090 1144 2162 ·²9t·
1172 2069 1304 2143 &alibi

35 2257 38 2264 ι
153 2165 298 2258 repetit.
350 2162 431 2236 Cnnt
452 2169 541 2236 nullo
565 2161 699 2252 bulliunt
722 2187 862 2260 unquam
885 2091 1065 2260 congreffin
1089 2163 1152 2257 est,
1186 2167 1304 2257 inquit
1411 2179 1414 2186 '

154 2259 198 2334 de
219 2259 299 2354 ipso
320 2259 409 2352 Just.
439 2282 498 2334 rm:
526 2263 581 2333 16.
607 2283 698 2354 quem
722 2283 786 2331 non
809 2265 948 2347 vicerit,
976 2265 1102 2332 nnllam
1122 2265 1231 2333 urbem
1253 2265 1302 2332 ob·

152 2353 255 2449 Tulit,
281 2379 377 2452 qnam
398 2381 463 2429 non
485 2359 745 2450 expugnaverit,
777 2357 902 2426 nnllam
923 2368 1050 2450 gentem
1072 2355 1180 2441 uellit,
1206 2377 1301 2448 quam

153 2477 218 2527 non
243 2459 434 2528 calcaverit.
483 2453 552 2526 Scd
575 2449 720 2524 euihcc
734 2471 810 2522 non
828 2449 908 2523 sunt
922 2448 1046 2522 notat·
1060 2446 1146 2522 Non
1161 2449 1302 2543 polium

153 2549 303 2639 tamen,
325 2551 412 2644 quin
435 2547 557 2632 α’νικέπ
580 2548 698 2620 inuiiti
723 2547 888 2632 titulum,
913 2565 984 2639 quo
1003 2543 1114 2640 ipsum
1132 2546 1302 2620 clivi-nicus

153 2648 320 2723 ornatum
343 2647 516 2735 tradunt,
554 2647 625 2718 huc
655 2641 824 2718 adferam.
852 2640 941 2718 Plut.
971 2643 1007 2715 in
1030 2643 1131 2716 Alex.
1153 2665 1188 2737 p.
1212 2645 1296 2734 671.

153 2739 271 2819 Valet.
296 2745 393 2819 Max.
421 2765 479 2816 tv:
494 2743 550 2836 38.
578 2739 633 2813 Sit
646 2755 780 2824 externa
797 2745 835 2814 vi
852 2763 915 2814 non
929 2745 1101 2814 interritus
1116 2741 1204 2814 modo
1216 2763 1297 2830 ren,

143 2835 202 2934 sed
216 2841 383 2928 inuititur,
416 2837 516 2914 Curt.
532 2860 592 2912 vr:
610 2860 644 2932 7.
670 2838 778 2912 audit.
828 2836 908 2910 Nec
924 2835 1021 2911 forte
1036 2840 1097 2930 abs
1111 2859 1149 2910 re
1165 2835 1295 2928 fuerit,

150 2957 197 3015 ne
220 2939 266 3011 de
288 2937 446 3014 exercitu
462 2937 535 3030 ejus
551 2934 688 3023 meam,
714 2932 918 3032 Phalangem
930 2931 1200 3023 Macedonicam,
1226 2957 1298 3029 qun

151 3053 188 3108 ut
207 3035 335 3110 invitia
356 3051 426 3109 tum
449 3037 599 3129 temporit
619 3037 759 3105 omnium
779 3056 831 3106 ore
854 3034 1060 3122 celebratur,
1086 3053 1163 3126 quae
1184 3032 1296 3106 verba

150 3131 333 3209 Arriani.
357 3153 397 3207 n.
425 3153 460 3224 p.
485 3152 543 3225 77.
573 3135 673 3216 lunt,
699 3149 772 3203 uno
790 3129 901 3202 verbo
917 3127 1141 3203 memoralie:
1167 3131 1210 3201 de
1227 3149 1296 3224 qua

149 3225 320 3343 legendus
342 3227 392 3301 est
408 3227 530 3320 Polyb.
548 3225 571 3300 l.
590 3245 681 3296 xvn:
699 3247 733 3318 p.
757 3229 856 3316 1063.
907 3223 992 3315 Erat
1005 3239 1123 3298 autem
1139 3224 1295 3299 Alexan.
1330 3223 1332 3228 ’

148 3325 203 3399 'dri
224 3327 259 3400 bc
285 3325 434 3419 Philippi
457 3325 667 3407 inventum,
693 3341 766 3410 quo
785 3320 1001 3392 Macedones
1019 3319 1174 3392 hostibus
1191 3337 1292 3394 erant

151 3421 288 3496 inarime
311 3427 491 3511 terribiles,
516 3436 556 3494 ut
577 3418 683 3490 habet
705 3417 797 3509 App.
814 3415 916 3487 Alex.
935 3417 1010 3507 Syr.
1030 3438 1064 3507 p.
1085 3435 1162 3504 ¹59·
1212 3413 1293 3488 Uti·

151 3539 218 3610 que
238 3519 402 3594 AEmilius
420 3517 567 3605 Paulus,
593 3514 662 3588 dux
680 3511 941 3596 Romanorum,
956 3506 994 3604 se
1010 3511 1093 3582 nibil
1109 3513 1291 3584 terribilius

150 3611 214 3687 bac
234 3619 397 3711 phalange
420 3609 562 3712 uitliffe,
600 3609 734 3685 fatetur
755 3609 791 3682 in
812 3607 1031 3704 fragmento,
1066 3605 1214 3698 Polybio
1239 3608 1291 3682 im

149 3708 281 3804 scripto
315 3733 357 3784 en
382 3711 506 3798 Suida,
541 3709 652 3803 Oper.
676 3707 795 3800 Polyb.
819 3727 853 3800 p.
880 3723 983 3795 1524.
1032 3703 1292 3778 Deinueterata

149 3808 259 3881 totius
275 3809 388 3908 gentis
406 3803 646 3882 Macedonicae
663 3809 809 3889 virtute,
832 3824 912 3896 quae
927 3801 1103 3884 Cortum:
1120 3823 1173 3875 ιο.
1191 3804 1296 3894 plna.

147 3901 190 3978 bs
209 3901 284 3998 est,
308 3899 762 4074 cumserrocomparanffi
784 3899 948 3994 proferre
963 3897 1070 3977 etiarn
1081 3899 1291 4072 abquaffi
1377 3957 1382 3966 .

789 4021 813 4096 3
1277 4049 1294 4095 ι
