3440 4774
403 422 492 520 ms
593 373 1396 500 conamnu'rnnrus

416 613 615 688 Ptolemaeo
632 611 776 688 occisus.
803 609 973 685 Ceterum
995 605 1150 682 notanda
1170 603 1221 678 est
1235 605 1483 682 vaticiniorum
1499 606 1576 684 Da.

356 707 358 721 '
419 712 519 784 nielis
542 713 743 802 harmonia3
784 731 866 783 cum
888 711 997 782 verba
1019 703 1135 778 nostra
1161 727 1242 779 cum
1259 710 1362 801 parui
1376 706 1570 780 cornusaci·

419 808 584 898 noribuS,
616 824 698 902 apte
728 807 943 904 conspirent.
1008 802 1169 875 Elevabu
1181 799 1271 897 sese,
1303 802 1388 876 dicit
1411 803 1566 900 Angelus

419 927 451 978 c.
468 927 541 980 vm:
567 928 642 995 10.,
668 927 767 1000 usque
789 907 831 975 ad
846 908 1020 976 exercitum
1035 903 1207 988 calorum,
1232 897 1275 982 ἐξ
1289 902 1398 972 cadere
1406 897 1516 989 faciet
1531 907 1566 976 in

419 1017 539 1075 terram
560 1004 595 1073 de
618 1009 762 1074 exercitu
788 999 830 1083 ἐξ
846 997 979 1096 stellis,
1018 997 1060 1082 &l
1082 997 1279 1072 conculcabit
1300 1020 1366 1070 aas.
1424 997 1496 1073 Ubi
1516 1001 1565 1072 ui*

420 1099 569 1173 deantur
586 1098 727 1175 Dissert.
746 1119 763 1156 α
780 1097 923 1172 nostrae.

469 1202 500 1288 ᾗ.
521 1195 714 1273 ccxxiv.
742 1195 865 1290 Scopas.
877 1197 912 1269 bt
927 1206 1062 1268 eventus
1077 1191 1283 1268 adllislionis
1302 1191 1499 1268 declaratur
1514 1193 1568 1270 su·

419 1311 518 1370 turus
537 1298 703 1389 probatio,
737 1295 892 1366 nitidulis
910 1290 958 1374 ss·
969 1293 1126 1364 dealbatio
1135 1316 1150 1380 ,·
1175 1306 1364 1379 corruent,
1389 1291 1477 1364 dicit
1491 1315 1569 1385 pro-

419 1394 558 1485 phetia,
585 1393 860 1487 adprobandum,
891 1391 1097 1462 uitidundum
1120 1411 1158 1459 ac
1179 1389 1409 1477 dealbandum,
1443 1391 1478 1461 id
1501 1389 1567 1481 est,

419 1491 491 1562 huc
512 1492 643 1576 render,
666 1511 710 1562 eo
736 1492 835 1584 exilu
858 1487 1043 1560 calamitas.
1077 1483 1177 1564 Praes.
1201 1484 1295 1559 enirn
1317 1488 1334 1558 l
1344 1481 1480 1581 scopum
1496 1510 1567 1563 non

419 1603 579 1674 tantum,
607 1585 720 1659 sed&
745 1599 896 1658 euentum
918 1583 1044 1680 signat,
1071 1581 1142 1654 live
1159 1581 1381 1671 nominibus,
1408 1583 1478 1656 live
1494 1607 1569 1658 ver·

419 1686 473 1756 bis
492 1682 711 1782 praefigatur,
737 1701 776 1756 ut
809 1701 822 1752 1
841 1682 932 1756 Sam.
950 1703 1005 1756 xx:
1026 1703 1081 1770 30.
1107 1677 1323 1771 Job..1:·15.
1357 1680 1392 1751 δι
1406 1678 1494 1774 saepe
1512 1683 1570 1755 ali-

347 1795 350 1808 ·
420 1782 481 1851 bi:
507 1783 602 1872 quod
628 1803 700 1853 non
723 1780 773 1852 est
789 1781 963 1875 ignotum.
1013 1776 1159 1866 Duplex
1170 1792 1286 1849 autem
1296 1772 1380 1869 finis
1395 1779 1569 1876 configna·

420 1892 500 1962 tur,
523 1881 743 1970 probotionis,
770 1877 1031 1970 &purgationis
1058 1871 1285 1946 Probutt'anrm
1301 1870 1383 1946 fidei
1399 1875 1435 1949 in
1452 1875 1568 1952 Deum

419 1971 576 2061 israelis,
603 1972 725 2044 sinceri
741 1970 843 2044 studii
859 1971 1064 2068 religionis,
1089 1992 1130 2042 ac
1147 1971 1306 2059 virtutis,
1332 1993 1397 2066 pet
1413 1971 1568 2050 consun-

420 2071 506 2144 tiam
527 2071 563 2144 in
586 2069 765 2162 quibusvis
786 2069 950 2162 periculis
978 2068 1011 2140 ἃ
1035 2065 1315 2158 adflislionibus,
1348 2091 1413 2163 per
1434 2071 1567 2146 labores

408 2189 488 2264 ,pro
517 2169 689 2265 religione
712 2167 911 2260 susceptos,
946 2164 1088 2238 exhibet
1109 2167 1264 2240 verbum·
1287 2191 1369 2256 nu,
1395 2170 1566 2262 proprie,

419 2279 461 2338 ut
478 2266 592 2359 inquit
607 2264 661 2338 ct
674 2265 861 2342 Schultens
874 2267 911 2358 1³,
937 2267 1023 2336 ultro
1038 2268 1180 2362 citroque
1194 2260 1364 2358 vasculi,
1390 2266 1567 2357 tralleon,

420 2361 571 2460 encuffir,
597 2379 636 2437 ut
658 2367 900 2455 nummularius
915 2383 1079 2444 nummos,
1106 2382 1181 2456 quas
1195 2364 1331 2458 probat,
1357 2366 1466 2436 uelut
1482 2368 1568 2437 auri·

414 2457 516 2555 ficet,
544 2485 640 2556 quum
653 2461 767 2557 sedant
789 2461 831 2532 ad
853 2463 985 2533 metalla
1007 2455 1195 2552 conflanda:
1227 2478 1332 2552 quem
1348 2459 1448 2537 usum
1465 2461 1567 2537 habet

347 2617 349 2622 .
419 2559 540 2653 pallim
559 2564 596 2635 in
616 2558 766 2653 Script.,
791 2574 831 2632 ut
852 2557 976 2630 velex
997 2555 1136 2630 Lexicis
1156 2553 1290 2629 discere
1308 2555 1370 2633 est.
1421 2560 1480 2633 Ad
1491 2575 1566 2656 pur.

419 2665 584 2753 gallonem
609 2677 691 2731 cum
716 2657 758 2730 ab
778 2653 973 2750 hypocritis
996 2654 1199 2748 &improbi
1224 2654 1330 2728 animi
1345 2655 1566 2748 hominibus,

420 2769 532 2828 tuma
555 2755 610 2825 lan
636 2775 723 2826 uore
745 2754 778 2824 dt
800 2769 926 2845 tepore
952 2749 1147 2846 religionis,
1177 2751 1565 2848 aliisquecorruptelis,

420 2852 545 2944 quibus
559 2775 699 2920 stultos
713 2850 799 2944 legis
819 2848 1054 2942 contaminati
1063 2847 1229 2940 fuerunt,
1255 2851 1380 2944 reliqua
1396 2850 1468 2924 duo
1485 2873 1565 2923 ver·

419 2949 465 3018 ba
486 2945 685 3040 pertinent,
711 2969 762 3017 ms
789 2941 827 3016 bc
844 2947 914 3045 pl,
949 2945 1092 3018 nitidare
1113 2945 1161 3030 s?
1176 2949 1342 3036 dealbare,
1366 2967 1462 3042 quae,
1485 2969 1566 3025 nou

404 3041 492 3118 ¹sine
523 3039 701 3133 emphasi,
738 3043 1003 3141 conjunguntur
1027 3044 1070 3116 ad
1088 3050 1297 3140 purgationis
1324 3045 1565 3143 gradationem

418 3137 687 3237 significandam.
739 3135 1118 3239 Verbummssedem
1137 3141 1264 3230 habet,
1297 3159 1337 3217 ur
1362 3141 1396 3217 δι
1418 3165 1505 3232 nm,
1530 3145 1567 3220 in

418 3240 527 3311 uirida
550 3236 585 3310 ἃ
608 3231 699 3328 rafill
719 3235 894 3330 politura,
929 3238 1165 3314 &adhibetur
1180 3239 1384 3336 desagltta,
1410 3238 1566 3316 radendo

407 3339 549 3432 polita,
575 3333 618 3409 de
641 3337 724 3407 labio
746 3337 866 3409 verbis
883 3341 1061 3432 perpolita,
1085 3335 1129 3408 de
1151 3359 1253 3424 area,
1280 3336 1466 3412 frumento
1486 3361 1563 3434 pur·

418 3451 502 3534 gato
519 3486 530 3525 ,
554 3433 676 3529 polita.
727 3429 890 3506 Alterum
904 3455 995 3508 vero
1017 3437 1065 3530 pl
1080 3433 1117 3508 in
1133 3435 1274 3530 origine
1288 3435 1395 3508 habet
1411 3435 1470 3507 vel
1488 3461 1564 3510 conr

416 3537 596 3630 planandi,
624 3531 684 3605 vel
704 3531 852 3620 lineudl,
884 3544 946 3604 aur
967 3533 1125 3620 liniendi,
1157 3528 1390 3625 potestatem,
1415 3533 1510 3608 unde
1525 3533 1566 3608 ad

417 3631 595 3726 liquorem
615 3633 808 3702 albicantem
833 3629 991 3721 transiit,
1023 3628 1057 3702 dc
1081 3651 1155 3703 rem
1176 3628 1258 3702 albo
1278 3630 1405 3702 colore
1423 3630 1571 3724 splendi-

421 3729 501 3804 dam
516 3727 638 3824 fignat.
688 3723 814 3800 Sensus
835 3725 953 3818 itaque
977 3723 1047 3816 est,
1086 3727 1259 3820 populum
1272 3748 1336 3820 per
1354 3727 1460 3801 hasce
1473 3727 1564 3803 adfli-

420 3823 555 3900 triones
577 3825 708 3921 partim
730 3821 799 3897 else
820 3843 840 3896 a
861 3823 984 3902 ritibus
1002 3819 1267 3928 superstitiosis,
1301 3827 1570 3934 eugentili'smo

1435 3922 1565 4008 delam

422 4007 428 4020 ⁸
458 3989 571 4108 {nist
595 4015 684 4122 viss
703 4061 763 4117 πμ,
879 4047 898 4106 l·
918 4043 953 4105 ad
973 4045 1042 4106 Har.
1066 4045 1141 4106 cons.
1166 4061 1209 4107 11.
1231 4065 1260 4126 p.
1281 4053 1338 4122 482.
