3462 4792
294 449 351 512 ro
395 415 775 508 VATICI-Nid-
813 421 1147 518 DANIELIS,
1220 460 1293 540 sn

148 617 283 694 verm:
323 614 383 690 ser
404 613 491 688 ntur
510 613 590 688 eata
611 633 721 710 opera
740 614 967 712 mrtem,
1006 591 1221 698 nerano
1246 645 1295 702 eo

145 711 297 802 noluiiie
322 714 510 810 detegere,
536 713 691 802 nemini,
716 715 918 806 quicunqne
933 713 1063 808 feerit,
1087 719 1295 812 adcredam,

143 813 210 887 nist
235 810 468 904 improbi,»&
489 807 716 884 aChristiana
731 811 902 907 religione
915 811 1040 899 alieni,
1075 813 1167 891 Eum
1190 817 1294 892 fuine

144 910 257 982 animi
278 903 582 981 demonstraverit.
630 905 742 1003 Quod
771 908 831 998 qui
859 906 1081 1002 praestiterit,
1114 913 1199 986 mihi
1221 915 1296 990 alte

141 1003 294 1079 infixum
316 1024 474 1076 errorem
497 1005 681 1075 exemerit.
730 1001 874 1077 Utinam
897 1021 969 1078 non
985 1005 1111 1081 'effent
1131 1009 1208 1098 alii,
1233 1009 1295 1102 qui

144 1102 385 1193 putidioribus
414 1099 626 1172 commentis
646 1099 796 1172 verbum
814 1099 1068 1192 Propheticum
1089 1123 1293 1183 commacu·

139 1197 285 1271 larunt!
311 1195 372 1268 sed
391 1193 462 1268 hoc
481 1195 610 1268 obiter.

194 1298 230 1382 ᾗ.
249 1301 340 1368 Vm.
371 1289 413 1362 ln
434 1289 604 1362 Grotiana
628 1285 811 1380 hypotbefi
836 1289 922 1364 iilud
943 1313 1016 1368 non
1030 1307 1167 1368 tanturn
1185 1295 1322 1368 vehe.'

137 1404 289 1464 menter
306 1386 486 1478 displicet,
512 1384 608 1479 quod
628 1401 777 1478 regnum
801 1405 846 1458 ex
868 1390 973 1481 lapide
988 1407 1130 1475 ortum,
1154 1389 1292 1466 &Filio

137 1484 302 1556 hominis
325 1482 516 1569 traditum,
555 1481 598 1555 ad
620 1478 820 1557 Romanum
840 1482 956 1575 primo
979 1486 1012 1558 u
1033 1485 1166 1561 diredio
1193 1486 1292 1563 sensu

17 1641 18 1662 2
135 1579 380 1674 adplicuerit,
406 1577 450 1650 de
473 1599 546 1668 quo
567 1566 709 1671 postea;
739 1576 797 1649 sed
819 1579 944 1667 etiam,
971 1581 1054 1656 iicet
1075 1584 1295 1659 tolerabilius-

137 1676 205 1764 fit,
235 1675 332 1768 quod
349 1674 385 1746 in
408 1671 548 1767 Lapidis
562 1673 597 1746 ἃ
609 1675 732 1768 judicis
746 1675 957 1749 emblemate
973 1679 1060 1752 illud
1073 1678 1292 1771 quaesrverit;

138 1793 216 1846 non
241 1770 305 1844 acii
329 1769 509 1843 Romanos
531 1769 569 1842 in
591 1769 708 1866 regnis
728 1771 794 1844 illis
810 1769 1047 1862 destruendis,
1074 1796 1146 1869 quo
1160 1797 1202 1850 ea
1217 1797 1292 1851 em-

17 1899 18 1950 ,
137 1870 295 1943 blemata
318 1865 519 1960 pertinent,
544 1865 703 1940 exclusos
723 1867 853 1956 velim,
879 1867 1291 1966 habuerunt'enimprae·

75 2049 77 2054 Ι
138 1965 266 2060 cipuas
279 1962 316 2036 in
335 1984 382 2036 eo
397 1977 533 2054 partes:
557 1959 616 2034 sed
631 1962 725 2054 quod
740 1959 968 2038 exstantiores
982 1969 1101 2060 lapidis
1118 1967 1291 2041 charadio-

17 2101 19 2160 3
136 2083 192 2135 res
230 2059 268 2133 in
300 2060 364 2133 iilis
392 2058 463 2130 sese
485 2077 558 2131 non
582 2061 762 2150 prebeant
783 2060 1060 2158 conspiciendos,
1122 2064 1289 2161 Quorum

133 2163 266 2254 primus
287 2154 338 2228 est
352 2156 512 2248 imperii,
538 2156 752 2248 perlepidem
766 2154 912 2247 (teperti,
937 2178 1011 2232 non
1026 2161 1204 2247 bemanus,
1227 2159 1289 2234 sed

137 2257 279 2326 diuinus
304 2267 426 2339 ortus,
457 2261 626 2324 nontam
649 2249 809 2322 humanis
834 2251 995 2340 viribus,
1033 2275 1136 2345 quam
1163 2255 1289 2330 divino

137 2349 270 2424 auxilio
299 2344 564 2422 adtribuendus.
612 2341 696 2442 Quo
718 2345 803 2438 lapis
817 2341 888 2436 stne
908 2350 1055 2419 monibus
1072 2347 1226 2439 excisus,
1251 2351 1288 2423 u

136 2447 173 2521 in
196 2443 380 2518 Colossum
406 2443 624 2529 devolutus,
650 2440 799 2528 omnino
823 2439 983 2533 respicit,
1016 2443 1050 2515 u
1074 2443 1110 2518 in
1128 2465 1199 2537 quo
1214 2446 1287 2518 hoc

136 2563 288 2639 regnum
308 2545 352 2614 ab
365 2541 437 2614 aliis
454 2539 523 2611 fuit
537 2534 745 2610 distindium.
799 2535 965 2610 Secundus
980 2536 1108 2626 habet,
1135 2557 1284 2636 regnum

136 2639 260 2733 lapidis
291 2660 358 2732 pro
385 2636 590 2731 primordiali
611 2631 644 2706 dt
662 2637 843 2726 anticipato
862 2655 978 2730 regno
996 2631 1146 2725 Metro,
1179 2653 1222 2709 ex
1238 2658 1287 2738 ep

138 2733 317 2821 oriundo,
341 2731 603 2830 agnoscendum
624 2727 717 2802 erre:
749 2730 796 2802 ito
823 2743 885 2818 ut,
919 2731 1215 2824 quemadmodum
1238 2755 1284 2807 ex
1326 2809 1330 2818 ,

137 2831 272 2926 Lepide
283 2831 421 2914 Mons,
445 2827 492 2902 fic
506 2849 553 2902 ex,
564 2826 633 2900 hoc
647 2845 760 2922 regno
773 2827 859 2898 illud
875 2825 1005 2900 Meffiae
1019 2843 1183 2905 exortum
1201 2851 1286 2906 cen-

80 2955 88 2974 ·
140 2927 206 3002 seri
230 2942 347 3022 queen
396 2923 486 3023 Quae
501 2925 642 2998 criteria
653 2925 698 2996 ab
711 2899 866 3015 imperio
882 2921 1046 2998 Romano
1061 2925 1173 3000 aliena
1188 2927 1283 3020 eise,

140 3047 250 3100 nemo
265 3046 340 3098 non
356 3071 368 3109 ‚
392 3022 515 3095 herum
530 3041 648 3094 rerum
663 3041 738 3094 non
755 3019 858 3112 piane
873 3019 1078 3112 imperitus,
1100 3023 1210 3098 videt.

186 3128 219 3214 §.
238 3119 301 3195 IX.
326 3119 458 3194 Oculos
486 3117 603 3211 itaque
634 3116 678 3188 ad
699 3117 869 3208 populum
891 3113 1079 3208 Judaeum,
1117 3133 1285 3214 tempore

140 3217 443 3302 Maccabaeorum,
467 3233 664 3296 vertamus,
685 3211 720 3282 in
736 3231 808 3302 quo
823 3211 1039 3308 charadieres
1053 3214 1101 3284 iiii
1117 3237 1191 3289 non
1207 3241 1285 3293 mo·

142 3313 189 3387 do
209 3313 388 3407 conspicui
409 3309 512 3395 sunt,
543 3303 660 3380 sed'&
687 3325 876 3397 utrumque
894 3309 1071 3381 emblema
1092 3315 1283 3387 veritatem

137 3410 294 3484 invenit.
344 3409 409 3482 Cui
432 3407 545 3478 Verbi
564 3400 764 3494 Prophetici
793 3401 1000 3490 consensus,
1030 3405 1155 3478 eadent
1176 3409 1286 3483 ratio«

104 3541 107 3548 .
142 3527 187 3580 ne
205 3509 251 3580 de
271 3505 425 3580 Ecclessa
440 3501 662 3575 Maccnboica
677 3499 875 3592 loquentis,
901 3500 1009 3573 robur
1032 3501 1135 3573 addit.
1213 3504 1287 3579 uod

137 3603 243 3679 iatius
276 3599 513 3676 demonstrare
543 3599 576 3673 bt
604 3597 779 3690 explicare
809 3593 963 3686 incipio>
1010 3593 1130 3669 Offert
1152 3501 1228 3674 sequ
1244 3603 1287 3673 in
1360 3679 1363 3686 ,
1511 3615 1514 3622 ·

139 3701 259 3792 priore
284 3699 371 3772 Viso
398 3721 412 3771 1
439 3697 545 3790 lapis,
570 3715 589 3768 e
617 3695 661 3768 de
686 3707 810 3768 monte
832 3689 1000 3766 diuinitus
1023 3691 1175 3783 excisus,
1202 3719 1221 3788 3
1244 3695 1288 3769 in·

140 3799 247 3886 pedes
267 3797 398 3871 Stetuae
421 3795 637 3889 impingens,
670 3791 705 3863 ἃ
728 3809 791 3863 eos
812 3791 1078 3879 comminuens,
1116 3809 1150 3879 4.
1175 3794 1290 3866 totins·

140 3891 297 3990 deniquo
313 3891 431 3968 statue
455 3891 592 3969 ruinam
616 3891 733 3966 secum
758 3887 914 3968 trahens.
972 3908 990 3963 1
1015 3886 1148 3982 lupis,
1185 3889 1293 4060 pppis:

1231 4002 1296 4060 tte·
