3494 4802
374 463 456 566 256
546 369 1364 537 u‘lsssslt‘rnrlotlts

388 669 435 722 ex
470 660 551 721 troo
567 649 649 736 illor
674 657 715 721 ut
732 639 777 716 de
795 659 907 736 parvo
920 659 1057 732 cornu,
1084 661 1160 715 uno
1177 661 1353 718 cornuum
1370 641 1407 718 in
1431 643 1553 738 capite

251 751 254 758 ’
388 661 510 820 belisa
538 765 570 820 c.
591 763 676 818 vrr.
700 740 968 838 cogitaremus,
1004 737 1038 810 lic
1066 737 1110 811 ad
1135 737 1223 812 illud
1246 737 1550 838 restringeremus.

318 845 325 850 '
393 840 502 914 Cornu
518 842 636 935 itaque
653 861 784 925 unum,
808 857 854 911 ex
868 855 941 910 uno
958 849 1112 925 quatuor
1129 835 1272 911 illorum
1288 851 1454 928 enatum,
1470 859 1546 913 non

384 936 444 1012 est
459 938 554 1015 idem
575 961 616 1013 ac
631 959 731 1010 cornu
744 955 916 1029 parvum,
931 929 991 1004 sed
1010 955 1054 1008 ex
1069 955 1115 1007 eo
1132 935 1315 1022 excrevit3
1331 935 1495 1030 adeoque
1509 935 1554 1010 ad

389 1057 540 1133 regnum
555 1036 698 1132 quidem
713 1031 1001 1118 Seleucidarum,
1018 1051 1082 1126 per
1092 1053 1192 1103 cornu
1203 1027 1551 1128 parvumdepit’cum,

389 1135 605 1228 pertinebit,
631 1129 788 1205 sednon
812 1126 884 1222 ipse
909 1125 1063 1201 Seleucus
1081 1123 1246 1218 Nicator,
1274 1149 1400 1204 uerum
1417 1149 1461 1202 ex
1476 1130 1551 1204 suc-

260 1277 261 1283 *
391 1231 586 1306 cessoribus
602 1230 677 1322 ejus
700 1249 790 1303 unus
815 1224 889 1302 esse
913 1221 1081 1315 debebit,
1107 1225 1165 1319 qui
1186 1226 1245 1299 illa
1267 1225 1450 1320 prestitit,
1474 1249 1554 1397 Fue

389 1327 449 1401 hic
465 1327 508 1402 de
524 1351 569 1404 eo
586 1348 700 1402 cornu
715 1323 972 1421 praedicuntur.
1023 1321 1063 1398 ln
1088 1345 1161 1416 quo
1185 1322 1256 1397 hoc
1278 1323 1420 1416 quidem
1436 1325 1471 1398 vi
1487 1346 1552 1401 um

391 1447 412 1499 a
427 1424 607 1519 superiore
623 1423 852 1516 discrepabit,
877 1419 938 1495 sed
962 1421 1066 1496 nullo
1083 1421 1153 1496 alio
1165 1416 1298 1514 scopo,
1322 1442 1427 1513 quam
1444 1437 1485 1496 ut
1499 1421 1552 1496 su·

393 1524 526 1616 periori
539 1521 614 1596 viso
627 1520 861 1616 aliquidlucis
876 1515 1158 1616 adspergeretur.
1198 1515 1289 1592 Cum
1306 1515 1401 1594 enim
1416 1539 1557 1612 praece·

393 1621 500 1693 dente
520 1616 596 1693 viso
625 1620 726 1712 plura
745 1637 860 1691 cornu
883 1615 983 1708 parvi
1000 1613 1116 1714 gesta,
1143 1615 1186 1690 ab
1203 1638 1279 1689 uno
1297 1635 1380 1712 rege
1398 1615 1550 1692 Seleuco

392 1737 466 1790 non
482 1715 692 1811 praestanda,
717 1710 834 1788 essent
855 1727 1145 1798 memoratarne
1163 1711 1221 1787 hic
1237 1733 1450 1802 erraremus,
1475 1721 1551 1787 luc·

392 1813 587 1888 cessorihus
602 1813 678 1903 ejus
693 1831 736 1883 ea
749 1830 831 1883 corn
857 1823 979 1897 etere,
1005 1808 1041 1883 dc
1056 1812 1099 1884 ab
1116 1833 1190 1886 uno
1209 1809 1328 1904 aliquo
1346 1819 1470 1885 eorum
1494 1832 1550 1885 es-

392 1909 428 1984 se
452 1909 605 2006 agenda,
632 1907 690 2002 'nic
715 1903 817 1980 distin
852 1909 904 1981 ius
926 1907 1104 1996 traditur;
1130 1930 1247 2001 eoque
1269 1908 1346 2002 ipso
1368 1907 1550 1999 docetur,

392 2029 508 2081 cornu
522 2026 670 2102 parvum
685 2024 886 2080 nonunum
903 2002 976 2076 esse
998 2003 1165 2077 Seleucum
1181 2003 1374 2095 Nicatore,
1400 2003 1457 2077 sed
1471 2003 1548 2080 suc·

315 2189 319 2198 ⁴
391 2103 544 2179 cessores
559 2122 700 2197 quoque
714 2097 914 2197 complecti.
964 2097 1074 2213 Quod
1098 2101 1184 2177 &in
1208 2104 1283 2179 aliis
1304 2103 1467 2178 cornibus
1490 2103 1544 2178 lo·
1612 2119 1617 2196 j

391 2225 474 2279 cum
489 2203 613 2277 habet:
639 2218 681 2276 ut
696 2200 798 2296 supra
811 2196 1010 2274 observavi.

327 2361 330 2366 .
441 2306 473 2394 §.
506 2298 653 2376 XXVII.
686 2297 806 2399 Quem
836 2319 932 2373 nunc
955 2297 1094 2373 Seleuci
1119 2295 1357 2375 successorum
1381 2301 1417 2376 in
1430 2321 1548 2398 regno

393 2398 741 2494 Syro-Macedonum
757 2418 822 2493 per
834 2396 903 2470 hoc
918 2417 1032 2471 cornu
1047 2391 1226 2491 speciatim
1248 2396 1464 2474 delineatum
1479 2421 1547 2495 pu·

389 2497 565 2574 tabimusi
591 2496 811 2572 Antiochum
828 2493 1068 2588 Epiphanem,
1093 2511 1135 2570 ut
1154 2497 1294 2666 vulqffta
1309 2493 1416 2571 habet
1429 2497 1546 2594 hypo-

388 2593 512 2682 thesis,
537 2591 734 2668 analium?
759 2591 851 2664 Mihi
874 2613 916 2663 ea
930 2587 1027 2665 sedet
1048 2593 1195 2686 opinio,

388 2693 470 2765 dem
493 2687 641 2764 omnino
662 2688 801 2762 intendi
822 2685 856 2760 δι
875 2688 1153 2781 comprehendi,
1184 2687 1244 2765 scd
1268 2690 1487 2765 decessorem
1502 2691 1542 2766 sc
1601 2744 1604 2752 ι

388 2789 528 2862 Patrem
548 2785 621 2877 ejus
638 2782 858 2857 Antiochum
876 2782 929 2858 M.
947 2785 1065 2879 primo
1080 2785 1163 2860 loco
1181 2837 1194 2877 ,
1224 2787 1305 2863 dein
1324 2787 1541 2866 successores

388 2884 487 2975 ejus,
514 2883 548 2958 &
572 2880 749 2976 speciatim
773 2879 993 2956 Antiochum
1020 2879 1263 2978 Epiphanem,
1286 2885 1539 2980 representari.

388 2979 498 3072 Cujus
512 2976 738 3072 hypothelios
755 2975 941 3070 sequentes
958 2979 1037 3053 sunt
1055 2981 1221 3056 rationes.
1263 3003 1293 3056 1.
1312 2981 1439 3071 Ratio,
1454 3003 1543 3076 qua·

389 3101 428 3153 rc
444 3080 478 3150 in
499 3099 574 3152 uno
588 3097 700 3173 regno
714 3073 978 3152 Seleucidurum
995 3075 1067 3154 duo
1078 3081 1545 3173 cunualocuminveniant,

389 3191 431 3250 ut
447 3176 504 3249 hic
519 3171 579 3262 fit,
604 3195 686 3248 curn
700 3194 763 3245 uno
778 3174 1001 3268 ceteroquin
1018 3197 1133 3252 comu
1146 3199 1293 3276 regnum
1309 3193 1447 3268 totum,
1474 3199 1543 3273 per

387 3272 603 3348 successores
623 3271 854 3360 devolutum,
880 3271 1023 3370 depingi
1048 3273 1176 3369 soleat,
1203 3275 1240 3348 in
1258 3295 1401 3370 promtu
1424 3273 1544 3365 est,fi

388 3369 588 3448 Antiochus
607 3369 661 3444 M.
682 3370 719 3443 in
744 3371 885 3444 scenam
906 3371 1143 3465 producitur,
1172 3371 1255 3463 sed,
1290 3373 1313 3448 sr
1337 3371 1542 3469 Epiphanes

386 3469 504 3560 solus,
528 3472 564 3542 in
584 3464 716 3542 difficili
733 3466 854 3562 posita.
892 3465 999 3544 ·Cum
1012 3471 1107 3546 enim
1124 3494 1223 3545 cornu
1238 3471 1296 3543 vel
1310 3469 1543 3550 fundatorem

386 3571 507 3664 regni,
533 3564 592 3640 vel
606 3563 746 3659 collapfi
760 3563 1051 3656 instauratorem,
1066 3565 1220 3666 figurare
1236 3567 1367 3662 soleat3
1392 3567 1543 3664 posteri·

386 3687 429 3738 or
444 3665 502 3736 hic
518 3663 623 3736 unice
639 3663 759 3736 locum
775 3661 906 3736 habere
921 3665 1055 3758 poterit
1117 3663 1271 3763 Qualem
1288 3667 1347 3762 qui
1370 3668 1406 3741 in
1422 3688 1542 3766 regno

385 3761 649 3834 Seleucidarum
668 3759 762 3832 inter
776 3759 914 3833 Seleuci
941 3757 1160 3838 successores
1184 3762 1405 3856 quaefiverit,
1427 3764 1541 3842 alium

384 3881 425 3934 ac
441 3856 659 3932 Antiochum
676 3856 729 3929 M.
744 3877 818 3929 non
833 3859 1000 3950 reperiet.
1028 3857 1097 3932 Hic
1113 3860 1234 3950 enim,
1253 3859 1286 3934 u
1303 3882 1412 3936 nemo
1427 3861 1544 3954 alius,

381 3975 549 4070 regrum,
570 3968 674 4028 antea
690 3951 787 4028 varie
804 3953 1017 4050 collapsum,
1043 3956 1092 4032 ita
1107 3975 1182 4034 uta
1201 3957 1303 4034 ruina
1315 3979 1426 4058 prope
1440 3961 1546 4131 asbes-

1259 4085 1262 4092 '
1467 4071 1507 4134 et
1522 4107 1539 4149 2

1256 2591 1444 2687 piphanem
1465 2597 1544 2690 qui·
1590 2653 1593 2660 .
