3494 4802
835 241 841 254 ·
971 241 1054 296 ‘r

445 439 516 510 240
617 393 1430 505 utssuRTATt'oN'Es

449 625 520 679 oco
540 600 754 689 observavi,
791 597 916 696 scopus
937 601 1123 694 permittit.
1181 601 1382 680 Parthicum
1404 615 1516 692 usque
1546 599 1591 673 ad

449 721 581 775 annum
610 721 690 792 230.
718 696 796 790 post
823 697 999 782 Christum
1023 697 1093 772 sese
1117 701 1288 795 porrigit,
1322 696 1462 790 quando
1484 693 1594 770 Persas

450 796 512 873 sub
529 818 611 894 rege
635 799 830 869 Artaxerxe
856 793 971 886 ceiiit,
998 797 1050 868 uti
1072 812 1199 871 notum
1223 794 1284 868 est.
1336 795 1593 883 indicumquo.

374 931 376 939 ·
449 917 518 988 que
539 910 703 986 tempore
727 890 877 989 Augusti
898 893 1003 988 longe
1026 893 1166 986 lateque
1189 889 1258 966 sese
1274 892 1396 966 adhuc
1418 891 1595 971 extendit.

448 993 559 1066 Porus
574 992 690 1076 enim,
718 1006 756 1062 ut
775 1011 820 1061 ex
842 987 921 1063 Nic.
942 989 1162 1064 Damasceno
1181 1004 1297 1064 narrat
1314 989 1426 1062 Strab.
1441 989 1463 1062 l.
1481 993 1541 1064 xv.
1555 1015 1593 1088 p,

453 1109 558 1183 ¹047·
610 1088 779 1162 indorum
799 1109 880 1174 rex,
907 1103 976 1158 eoo
991 1107 1091 1184 reges
1110 1087 1232 1160 habuit
1246 1083 1429 1178 subjcsios.

443 1225 447 1230 ·
499 1191 531 1276 §.
551 1184 643 1259 Xili.
667 1182 770 1256 Patet
782 1184 919 1275 itaque,
936 1204 1065 1280 regna,
1092 1181 1170 1277 post
1186 1183 1423 1258 Alexandrum
1433 1199 1534 1275 orta,
1549 1186 1596 1262 ad

447 1284 621 1356 denarium
648 1301 835 1367 numerum
857 1281 979 1354 reduci
1003 1280 1096 1355 haud
1114 1281 1340 1354 incommode
1356 1278 1471 1374 posse:
1498 1283 1600 1376 quod

452 1381 555 1454 nobis
577 1376 711 1453 sufficit.
761 1375 834 1450 Etsi
855 1379 950 1452 enim
974 1399 1086 1452 unum
1101 1380 1295 1454 alterumve
1310 1375 1406 1450 sorte
1425 1399 1598 1476 regnum,

446 1493 582 1569 preter
602 1476 710 1550 modo
725 1493 940 1562 memorata,
964 1474 1021 1550 hic
1031 1475 1106 1547 illic
1121 1474 1250 1550 fueritt
1277 1476 1350 1566 ejus
1366 1475 1461 1548 nulia
1476 1477 1600 1550 haberi

453 1575 573 1666 potuit
596 1573 631 1645 in
652 1572 748 1645 hisce
771 1571 849 1646 visis
867 1573 979 1660 ratio,
1007 1595 1088 1648 curn
1104 1571 1201 1666 quod
1214 1571 1358 1646 minoris
1374 1575 1548 1648 momenti
1561 1573 1599 1647 dt

453 1669 645 1743 durationis
673 1668 804 1758 suerit,
838 1683 914 1744 tum
937 1671 1034 1761 quod
1057 1669 1238 1744 harmonia
1261 1669 1439 1766 imaginis,
1476 1671 1600 1746 huma·

454 1787 537 1841 nam
563 1765 714 1840 sormam
734 1764 973 1858 praeferentis,
1005 1769 1174 1840 denarium
1196 1787 1402 1854 numerum,
1428 1767 1476 1842 ob
1491 1767 1599 1842 decem

332 1857 337 1868 ‘
457 1863 584 1957 digitos
606 1864 757 1955 pedum,
796 1862 1026 1954 requisiverit
1059 1939 1060 1942 g
1085 1861 1222 1938 Verum
1242 1863 1383 1956 quidem
1404 1862 1481 1952 est,
1506 1886 1600 1941 non·

457 1959 552 2030 nulla
574 1959 700 2032 horum
719 1979 911 2054 regnorum
932 1982 953 2030 a
972 1959 1118 2032 ducibus
1134 1959 1167 2030 δι
1181 1957 1428 2034 successoribus
1445 1961 1602 2038 Alexan·

456 2055 534 2143 dri,
566 2070 627 2128 aut
647 2055 801 2143 Graecis,
832 2077 906 2138 non
928 2053 1030 2129 fuiffe
1051 2053 1214 2150 possessa,
1244 2071 1285 2130 ut
1309 2057 1431 2144 Ponti,
1462 2055 1601 2152 Cappa·

455 2151 598 2240 dociae,
640 2151 810 2244 Bithyniae
833 2153 868 2226 dt
890 2152 1038 2226 Media:
1071 2150 1129 2225 sed
1157 2151 1241 2224 illud
1262 2173 1338 2227 non
1363 2167 1498 2226 tantum
1521 2176 1602 2231 non

454 2247 579 2337 obest,
605 2271 686 2323 curn
712 2249 884 2345 precipua
905 2271 1013 2344 regna
1033 2249 1283 2344 &potentiora
1295 2255 1338 2323 ab
1355 2251 1396 2323 iis
1407 2248 1506 2322 fuiffe
1521 2249 1606 2330 sun·

460 2347 540 2420 data
561 2343 724 2436 sufficiat,
750 2363 874 2420 verum
887 2367 969 2422 curn
983 2349 1057 2440 ipso
1072 2348 1281 2423 emblemate
1297 2345 1437 2420 videtur
1453 2349 1603 2442 conjun-

451 2442 575 2533 tium,
609 2445 749 2518 tantum
777 2441 891 2530 abest,
924 2458 966 2518 ut
987 2447 1029 2518 ab
1050 2464 1095 2517 eo
1117 2443 1314 2519 abhorreat.
1364 2444 1602 2542 Praeterquam

452 2545 581 2628 enim,
607 2539 703 2632 quod
726 2542 829 2613 unius
845 2541 1002 2629 ejusdem
1017 2539 1131 2637 gentis
1144 2561 1250 2636 regna
1263 2561 1337 2614 non
1354 2541 1536 2632 requirant
1551 2546 1603 2620 vi·

456 2635 514 2720 sa,
539 2637 647 2708 modo
676 2633 754 2726 post
782 2635 1020 2710 Alexandrum
1046 2636 1079 2707 δι
1102 2637 1194 2710 intra
1217 2638 1317 2733 regni
1336 2639 1410 2729 ejus
1432 2643 1604 2730 pomona

457 2745 538 2819 orta¹
552 2731 636 2816 srnt,
664 2727 836 2819 dioerfitus
850 2732 1025 2818 materia,
1048 2731 1359 2825 ferreae&luteae,
1384 2734 1497 2810 ansatn
1513 2759 1604 2830 quo·

461 2847 529 2918 que
559 2823 602 2895 de
626 2822 767 2896 diversis
788 2825 927 2920 populis
953 2829 1130 2936 cogitandi
1152 2832 1296 2923 praebet.
1360 2829 1601 2930 Quemadmo-

462 2921 548 2994 dum
570 2921 607 2993 in
624 2918 858 3013 superioribus
871 2925 1032 3019 imaginis
1049 2927 1228 3020 partibus,
1252 2949 1391 3018 aurum,
1406 2941 1600 3023 argentum,
1735 2955 1739 2960 ·

461 3039 503 3089 ot
523 3017 557 3088 dr
572 3013 726 3106 ferrura:
751 3015 798 3090 fic
818 3017 856 3092 in
880 3037 1037 3095 extrema
1059 3022 1124 3096 hac
1145 3040 1243 3116 parte
1257 3021 1391 3116 ferrum
1413 3023 1446 3096 δι
1468 3027 1599 3120 lutum,

460 3114 502 3188 ad
534 3114 746 3187 diversarum
775 3115 933 3212 gentium
960 3139 1066 3217 regna
1095 3121 1167 3194 sese
1193 3120 1373 3196 transferri
1396 3121 1599 3215 patiuntur,

459 3209 519 3283 sed
531 3209 802 3307 nonsuccqffioa,
828 3229 868 3286 ut
884 3214 921 3288 in
936 3212 1194 3309 superioribus,
1220 3239 1343 3294 verum
1352 3215 1548 3310 fimultuaea
1563 3222 1601 3298 dt

460 3313 618 3405 aqualia,
646 3327 687 3382 ut
700 3309 785 3381 ferri
807 3311 840 3384 &
859 3312 923 3386 luti
939 3313 1089 3388 mixtura
1102 3314 1267 3410 postulat.
1316 3314 1486 3403 Accedit,
1510 3317 1599 3393 aiios

458 3429 500 3479 ac
525 3407 739 3480 Macedonas
765 3407 877 3482 hicio
903 3409 1205 3500 censumvenire,
1231 3413 1322 3486 haud
1336 3412 1485 3486 obscure
1502 3433 1545 3486 ex
1556 3435 1597 3492 c.

399 3559 401 3562 -
460 3505 541 3578 vrit:
568 3526 625 3578 22.
648 3521 793 3597 patere,
816 3503 878 3577 ubi
900 3529 1026 3606 regna,
1051 3531 1114 3604 per
1127 3525 1278 3602 quatuor
1291 3531 1426 3585 cornua
1439 3508 1597 3605 eaptus,

460 3599 652 3678 secundum
666 3617 815 3694 quatuor
829 3604 906 3676 coeli
925 3605 1061 3701 plagas,
1087 3605 1244 3697 adeoque
1262 3609 1436 3699 praecipua
1455 3605 1599 3701 &prin-

457 3697 601 3786 cipaiia‚
627 3722 665 3770 ex
682 3713 776 3794 gente
794 3698 1032 3775 Alexandrina
1053 3701 1185 3775 oritura
1202 3702 1387 3791 dicuntur,
1410 3701 1540 3795 dequo
1558 3705 1598 3783 in
1711 3755 1718 3764 ·

457 3795 678 3887 precedente
694 3793 835 3868 Differt.
851 3797 918 3892 egi.
967 3797 1074 3896 Quod
1093 3797 1186 3873 idem
1201 3819 1245 3872 ex
1259 3821 1332 3893 cap.
1349 3821 1408 3872 rr:
1426 3821 1461 3885 4.
1489 3803 1598 3875 robo·
1713 3851 1717 3858 -

455 3891 504 3963 ria
528 3887 622 3963 sorte
649 3889 777 3984 aliquid
797 3893 965 3986 acquirit,
1003 3893 1048 3972 de
1071 3915 1143 3990 quo
1164 3895 1293 3993 postea.
1343 3895 1527 3990 Denique,
1553 3913 1598 4010 ut

1478 4012 1599 4077 omma
