3494 4802
378 343 1415 448 ·rm.uissenTnT10ues

430 577 608 654 paratura
646 557 806 651 adparuit
827 570 991 648 tanquam
1013 572 1076 626 rex
1099 558 1233 649 taratra,
1261 549 1421 625 &avite
1444 549 1583 626 urimo
1647 633 1648 636 g

429 654 592 750 otfirror:
619 671 658 728 ut
681 659 832 748 Appian.
854 655 934 746 Syr,
951 675 985 744 p.
1005 653 1084 741 187.
1106 647 1223 721 tradit.

481 759 512 842 §.
539 751 682 826 XXXll.
735 775 763 827 r.
789 751 870 825 Nec
891 749 976 838 illud
999 748 1033 819 in
1051 743 1234 818 Antiocho
1252 741 1434 840 Epiphane
1456 745 1580 824 faciles

323 906 326 915 ,
432 849 539 922 habet
564 852 777 943 explicatus,
803 847 898 941 quod
920 866 1033 918 cornu
1057 863 1204 936 parvum
1221 839 1351 937 spretio,
1377 845 1436 916 vel
1459 846 1580 938 potius

340 1025 342 1028 ,
430 953 648 1020 coruscatione
670 946 904 1041 &splenium
930 942 1035 1036 (quae
1063 939 1116 1012 vis
1141 941 1239 1012 vocis
1263 967 1331 1015 mrn
1354 939 1458 1038 est,)
1489 945 1581 1017 dica.

377 1093 381 1097 -
429 1063 530 1117 catur
542 1044 662 1138 sociis,
689 1045 748 1115 l'cu
776 1045 917 1134 reliquis
936 1039 1143 1123 cornubus,
1170 1036 1383 1130 superior&
1406 1041 1581 1129 excellen-

159 1161 163 1172 ·
293 1200 299 1202 .
428 1143 522 1228 tior,
549 1161 626 1235 cap.
643 1162 707 1214 vu:
725 1161 783 1212 20.
833 1137 929 1235 Quid
945 1137 1038 1210 enirn
1059 1134 1202 1216 habuir,
1229 1135 1312 1227 quid
1329 1134 1490 1227 praestitit
1506 1141 1581 1213 An.

428 1239 589 1322 tiochus,
615 1221 862 1331 quo'Seleuco
885 1232 1073 1318 Nicatori,
1105 1231 1139 1304 u
1168 1231 1352 1305 Antiocho
1374 1233 1427 1307 M.
1451 1231 1496 1307 ex
1522 1237 1581 1310 de·

426 1335 643 1421 telluribus,
668 1355 824 1407 necnon
843 1333 1035 1406 Ptolemaeo
1052 1329 1162 1425 Lagi,
1189 1327 1437 1424 Philadelpho,
1464 1330 1578 1406 Euer-

430 1449 522 1526 getae
545 1453 587 1502 ex
610 1431 748 1526 Lagidis
770 1428 927 1522 praeferri
950 1423 1157 1502 mereatur?
1181 1425 1289 1524 Quod
1306 1427 1332 1500 fi
1351 1448 1371 1498 a
1390 1433 1578 1521 tyrannide
1625 1481 1639 1504 .

428 1529 461 1600 dt
492 1529 659 1601 violentis
687 1523 965 1619 opprcffionibus
993 1523 1197 1619 Judaeorum
1227 1523 1443 1614 discelleris,
1493 1528 1579 1601 nihil

428 1626 522 1721 egit,
549 1647 621 1718 quo
644 1625 786 1718 reliquis
807 1624 968 1696 eminuit.
1022 1619 1279 1712 Expeditiones
1301 1621 1375 1714 ejus
1392 1622 1429 1696 in
1445 1623 1579 1722 AEgyp.

387 1745 390 1752 ⁴
427 1739 504 1796 turn
527 1724 675 1814 aliquam
692 1722 828 1794 bellicae
848 1719 957 1792 laudis
981 1718 1126 1816 gloriam
1147 1716 1207 1812 iplr
1231 1719 1420 1792 conciliare
1444 1725 1603 1814 potuim·

428 1819 528 1910 sent,
555 1821 640 1893 licet
662 1820 803 1911 reliquis
825 1819 965 1914 regibus
988 1813 1268 1909 precedentibus
1289 1839 1362 1890 non
1378 1817 1577 1911 majorem,

76 2014 80 2031 μ
164 1931 165 1936 ’
306 1945 307 1948 “
430 1915 494 1990 nist
515 1917 608 2010 turpi
631 1917 730 1988 exitu
752 1912 897 1988 fuissent
918 1911 1196 1998 contaminatae3
1233 1934 1316 1986 cunr
1342 1913 1417 1988 solo
1444 1917 1575 1990 Roma·

428 2033 558 2087 norum
577 2012 669 2104 jullu
689 2012 869 2087 discedere
893 2007 1032 2084 conitus
1053 2007 1136 2082 fuit.
1185 2006 1276 2107 Quae
1298 2028 1384 2084 nota
1405 2009 1576 2086 esthisto

414 2107 491 2184 'ria
534 2111 714 2184 ‘Praeterea
738 2109 779 2183 in
797 2109 895 2206 regni
912 2103 1209 2181 administratione
1229 2104 1263 2178 se
1283 2093 1574 2204 metuendumqui·
1604 2159 1607 2166 -

427 2207 530 2290 dem,
557 2206 616 2281 sed
640 2221 713 2281 non
735 2205 906 2304 giorirffam
921 2220 981 2280 aut
1002 2201 1573 2284 excellentioremdemonstravit.

294 2345 298 2355 ·
423 2306 483 2382 De
509 2327 583 2400 quo
607 2303 727 2399 postea
752 2306 924 2399 pluribus.

473 2409 506 2494 §.
531 2403 690 2478 XXXlll.
710 2475 714 2489 ,
732 2403 763 2478 d.
783 2403 949 2494 Denique
974 2404 1074 2474 trium
1097 2421 1250 2472 cornuum
1273 2403 1468 2493 eradicatio,
1494 2427 1574 2500 quae

447 2501 639 2591 recipuum
662 2500 765 2590 hujus
788 2491 901 2572 cornu
922 2498 1103 2572 criterium
1118 2499 1304 2586 continet,
1327 2499 1370 2572 ab
1385 2503 1573 2579 Antiocho

420 2522 609 2689 Epiphane
631 2596 755 2667 oculos
777 2610 939 2668 avertere
966 2595 1068 2687 plane
1092 2593 1204 2684 jubet.
1262 2593 1352 2692 Quae
1382 2599 1478 2674 enim
1501 2606 1572 2674 tria

422 2711 579 2776 cornua,
610 2691 681 2763 five
708 2710 828 2785 reges,
861 2690 950 2776 five,
984 2705 1024 2762 ut
1045 2689 1217 2764 emblema
1242 2691 1421 2784 postulat,
1461 2717 1569 2794 regna

421 2788 685 2882 intelligentur,
710 2807 788 2879 quae
803 2787 985 2862 Antiocho
1003 2788 1117 2860 locum
1133 2787 1320 2878 fecerunt,
1345 2792 1389 2865 ab
1406 2811 1451 2864 eo
1467 2794 1567 2866 evol.

392 2883 493 2958 da?
526 2884 759 2977 lorphyrius,
792 2899 833 2958 ut
854 2888 898 2958 ab
923 2907 968 2958 eo
990 2884 1178 2977 incipiam,
1211 2885 1423 2962 Ptolemaeos
1446 2889 1562 2979 duos,

419 2979 640 3056 Philometore
665 2981 700 3053 &
721 2979 937 3077 Euergetem,
971 2989 1073 3078 reges
1093 2981 1298 3077 AEgyptioS,
1325 2986 1361 3060 dc
1381 2984 1565 3063 Artaxiam
1600 2997 1601 3002 ’

371 3167 374 3172 ¹
418 3100 539 3176 regem
565 3079 767 3168 Armeniae,
793 3077 883 3153 teste
907 3079 1152 3171 HieronymO,
1178 3077 1358 3154 monstrat.
1417 3081 1483 3156 Cui
1509 3107 1561 3158 re-

366 3227 370 3236 ,
417 3175 567 3274 spondet
588 3177 854 3269 Hieronymus,
880 3177 941 3250 dtto
961 3182 1084 3272 priores
1106 3179 1209 3248 multo
1229 3193 1401 3274 autequam
1421 3178 1564 3276 nascere·

418 3291 475 3348 tur
497 3273 680 3348 Antiochus
695 3271 800 3372 frtiffe
824 3290 986 3362 mortuas,
1018 3288 1131 3346 anatra
1154 3273 1336 3348 Artaxiam
1359 3279 1483 3374 quidem
1510 3281 1560 3352 rii.

413 3371 544 3468 ,ratrrffe
574 3373 800 3458 Antiochum,
839 3374 891 3453 led
916 3375 1009 3446 iilum
1041 3377 1076 3444 irt
1098 3394 1195 3475 reguo
1221 3370 1358 3466 pridiae
1387 3371 1559 3472 moafiffe:

417 3470 512 3545 teile
533 3469 629 3566 quod
652 3471 694 3545 ad
717 3469 917 3557 Artaxiam,
945 3491 1050 3562 quem
1071 3470 1113 3542 ab
1138 3465 1322 3544 Antiocho
1344 3472 1451 3570 paulo
1475 3487 1562 3550 ante

417 3587 572 3642 mortem
606 3570 747 3660 quidem
772 3567 908 3642 amum
933 3565 967 3638 dt
988 3581 1155 3662 captum,
1195 3563 1254 3638 sed
1276 3589 1343 3641 nec
1371 3569 1556 3662 occisum,

416 3685 487 3737 trec
507 3685 617 3758 regno
641 3668 849 3760 privatum,
876 3665 1128 3738 multominus
1150 3683 1299 3758 regnum
1328 3665 1404 3756 ejus
1423 3665 1557 3742 destru-

359 3807 360 3812 =
414 3757 508 3832 dium
530 3759 652 3848 fuisse,
679 3761 784 3834 tradit
802 3761 952 3854 Appian.
972 3760 1008 3834 in
1030 3761 1105 3852 Syr.
1129 3782 1163 3855 p.
1184 3763 1261 3836 188.
1284 3759 1317 3834 dt
1342 3784 1425 3838 ora.
1451 3765 1557 3842 adeo.

410 3879 481 3954 que
504 3856 601 3932 nulla
622 3857 758 3933 ratione
780 3879 846 3954 pro
865 3880 963 3932 cornu
984 3859 1143 3934 eradicato
1167 3857 1287 3932 haberi
1304 3859 1443 4030 potelh1
1481 3863 1555 3937 Ad.

1300 3979 1303 3982 ·
1444 3972 1553 4054 atur,
