3416 4746
427 347 1418 510 w'comucuranrus

428 587 559 664 referri
571 605 645 658 non
659 578 812 676 poterit;
831 574 1153 670 quodanonnuuis
1165 572 1259 648 redie
1271 575 1345 666 jam
1359 572 1410 646 esi
1423 573 1578 649 enimait

430 683 593 759 versum:
615 683 698 752 iicet
721 676 781 748 aiii
797 677 840 748 ad
863 673 968 770 ipsam
982 670 1118 766 ‚filiorm
1144 674 1201 744 vel
1223 670 1433 766 nequiffimis
1447 675 1581 746 artibus

430 805 452 856 a
474 783 576 854 Patre
598 773 786 862 infectam,
809 773 870 844 vei
891 789 930 846 ut
954 793 997 844 ea
1011 792 1095 844 curn
1110 771 1239 846 marito
1254 771 1485 865 perderetur,
1504 792 1578 864 pcr-

429 881 545 954 tinere
573 875 788 972 opimentum
826 869 898 944 srne
928 871 998 943 usia
1019 869 1186 955 ratione,
1225 869 1262 943 dc
1282 885 1411 942 contra
1435 867 1580 961 scopum

430 975 622 1062 Antiochi,
655 973 693 1044 in
714 965 783 1040 filia
805 967 943 1056 danda,
977 967 1034 1041 hic
1056 981 1304 1040 memoratum.
1361 963 1420 1038 Ne
1446 965 1582 1058 dicam,
1694 971 1695 1028 i

424 1071 536 1170 filiam
556 1093 632 1146 nou
653 1065 754 1140 fuisse
772 1081 994 1162 corruptam,
1018 1086 1100 1140 curn
1116 1063 1225 1138 Patris
1240 1079 1331 1138 voto
1349 1080 1424 1136 non
1439 1063 1584 1160 respon·

434 1171 546 1256 derit,
571 1189 640 1242 nec
656 1165 701 1238 ad
715 1185 814 1254 eam,
832 1163 891 1238 sed
907 1185 970 1259 per
988 1183 1065 1237 eam
1080 1181 1222 1257 regern,
1236 1181 1481 1257 regnumque,
1507 1184 1580 1257 per·

432 1267 609 1355 dendum,
633 1261 735 1340 fuisse
756 1265 937 1337 connubio
956 1259 1112 1354 juniinm
1130 1259 1332 1334 Ptolemaeo
1382 1260 1510 1356 Longe
1523 1262 1586 1333 ita·

431 1387 503 1460 que
523 1366 640 1438 verius
665 1363 709 1434 de
731 1357 837 1456 scopo
858 1363 953 1454 regni
973 1359 1217 1453 corrumpendi,
1248 1355 1344 1451 quod
1365 1356 1404 1429 iu
1423 1357 1494 1431 hoe
1515 1379 1580 1432 mu

432 1463 605 1538 trimonio
627 1457 781 1532 intendit
798 1457 1022 1546 Antiochus,
1043 1457 1247 1550 accipimus.
1270 1453 1387 1552 Quam
1405 1477 1497 1530 vero
1514 1477 1579 1530 em·

432 1559 550 1656 phasin
574 1559 720 1644 habeat,
748 1557 879 1650 perdere
901 1578 1059 1650 regnum,
1084 1574 1258 1646 quemque
1281 1553 1339 1624 hic
1362 1551 1489 1626 fundat
1512 1553 1587 1627 serr·

433 1657 529 1746 sum,
563 1659 678 1730 minus
702 1654 865 1748 explicite
888 1653 976 1727 tradi
997 1651 1156 1738 solitum,
1198 1647 1418 1746 perspetium
1445 1651 1586 1726 habebi»

435 1777 540 1840 mus,
565 1751 792 1846 posteaquam
816 1751 851 1823 in
869 1752 969 1822 verbi
990 1778 1059 1826 nna
1072 1771 1198 1822 verum
1214 1749 1520 1842 penetraverimus
1533 1751 1585 1823 in·

435 1849 636 1940 solicitum
661 1867 769 1939 quem
784 1846 901 1920 verbis
917 1847 971 1920 (ΖΙ.
986 1845 1171 1921 Schultess
1191 1865 1209 1904 α
1226 1847 1352 1919 lubens
1368 1845 1493 1938 pando.
1537 1843 1585 1920 Iu

435 1948 620 2019 uerborum
646 1955 779 2016 πνοι
802 1944 965 2036 perdidit,
998 1941 1180 2035 destruxit,
1211 1945 1408 2038 proprietas
1435 1943 1588 2040 suggerit

433 2039 613 2134 tastonam,
638 2036 848 2134 derafianem,
864 2061 928 2135 qua
946 2040 1022 2135 quid
1038 2055 1230 2134 rumpatur,
1246 2044 1288 2113 ad
1304 2063 1480 2135 omnemque
1492 2037 1586 2136 usum

436 2155 673 2236 corrumpatur.
732 2135 973 2234 Frequentatur
994 2139 1081 2232 apud
1103 2137 1231 2210 Arabes
1254 2143 1290 2211 in
1306 2153 1378 2211 cute
1394 2161 1521 2212 aterne
1539 2143 1587 2212 de·
1615 2177 1625 2188 ε

435 2237 533 2332 rasa,
559 2237 602 2320 &³
625 2235 776 2330 revuifiz,
795 2233 845 2327 fit
870 2249 908 2308 rat
930 2237 972 2308 ad
993 2239 1077 2308 attii
1102 2240 1243 2330 amplius
1266 2241 1391 2310 ualeat.
1449 2235 1529 2309 Inde
1545 2237 1588 2310 ad

435 2333 583 2426 nefanda
594 2333 719 2431 scelera
744 2337 947 2431 generatim,
963 2335 1136 2430 speciatim
1151 2335 1193 2404 ad
1201 2331 1421 2502 praffatienes
1437 2333 1482 2420 θ’
1496 2337 1589 2409 cedes

436 2429 643 2528 atrociffirnas
653 2429 720 2528 sese
732 2438 910 2528 permittit.
960 2431 1065 2542 Addo
1082 2429 1180 2542 usum
1215 2431 1385 2544 pecialem
1402 2435 1588 2545 corrodendi

436 2551 615 2700 titiis
638 2526 1590 2725 sitiit’sitisti,iiiitititti‘tti

438 2745 475 2798 1.
498 2723 613 2812 dicet,
639 2722 724 2796 illud
744 2745 764 2796 a
787 2722 954 2797 firmitate
975 2745 1016 2797 ac
1037 2724 1223 2798 securitate
1245 2725 1322 2817 sua,
1350 2743 1390 2801 ut
1405 2749 1544 2801 carnem
1566 2749 1589 2800 a

435 2833 543 2906 cute,
582 2819 757 2905 avellere,
797 2840 907 2912 eaque
936 2821 1074 2894 ratione
1103 2843 1291 2913 rumpere,
1332 2826 1367 2896 dc
1395 2823 1585 2900 destruere.
1692 2833 1693 2870 ³

436 2911 549 3012 Quod
576 2936 689 3009 regno
718 2916 943 3011 Aegyptiaco
962 2916 1033 2992 hoe
1054 2932 1216 3014 tempore
1235 2921 1485 3019 contingeret,
1517 2920 1541 2994 sa
1562 2945 1584 2998 a

437 3009 600 3084 Romana
622 3010 810 3100 societate,
843 3035 909 3106 qua
930 3017 1136 3112 tegebatur,
1171 3017 1451 3096 abstraheretur:
1478 3022 1528 3096 uti
1542 3043 1585 3098 cx

435 3105 541 3198 supra
561 3105 658 3182 dietis
679 3107 712 3182 δι
736 3107 879 3184 historia
904 3111 1126 3190 manifestum
1156 3113 1218 3190 est.
1268 3117 1377 3215 Quod
1404 3119 1440 3193 in
1467 3120 1585 3195 animo

435 3201 538 3278 fuine
566 3203 770 3295 Antiocho,
814 3231 920 3302 quum
951 3210 1055 3286 filiam
1077 3213 1271 3288 Ptolcmaeo
1293 3215 1410 3307 dedit,
1444 3216 1585 3293 historia
1691 3293 1692 3302 ,

435 3301 591 3398 expresse
615 3306 796 3381 memorie
818 3308 983 3401 prodidit.
1047 3306 1133 3408 June
1162 3327 1267 3385 certus
1290 3315 1406 3386 belhan
1430 3311 1588 3410 adversus

306 3404 309 3410 ’
435 3397 601 3496 Populum
630 3399 813 3478 Romanam
835 3408 945 3501 gerere
964 3407 1182 3498 Antiochus,
1207 3410 1321 3503 inquit
1341 3412 1525 3506 Appianus
1546 3444 1586 3502 c,
1691 3435 1692 3476 r

430 3505 624 3595 propinques
657 3524 745 3597 reges
770 3505 965 3600 adjungebat
979 3505 1044 3597 stirs
1067 3511 1260 3597 connubiis,
1297 3507 1441 3606 mistique
1475 3510 1588 3585 Ptole·
1620 3560 1625 3570 ·

434 3617 511 3668 mea
531 3603 567 3670 in
589 3596 779 3693 Aegyptum
807 3601 1028 3696 Cieopatram,
1056 3603 1173 3698 Syram
1197 3612 1403 3702 cognomine,
1429 3614 1465 3682 in
1481 3611 1581 3682 dotem
1691 3637 1692 3676 ;

435 3695 553 3768 addens
575 3693 806 3791 Caeiesyriant,
831 3723 927 3796 quam
951 3706 979 3774 ei
990 3706 1087 3796 prius*
1107 3699 1169 3798 ipse
1184 3707 1366 3797 ademerat,
1394 3705 1586 3832 Aeeyeep'au
1691 3711 1692 3736 ¹

1521 3810 1579 3890 adu
1690 3879 1691 3884 ,

467 3935 723 4090 pppssi’povigr:
747 3956 794 4016 ³2·
950 3895 1075 4010 hiron.
1099 3964 1226 4009 xxviii:
1249 3965 1296 4024 24.
1319 3945 1346 4008 dt
1366 3947 1444 4009 aiibi.
