3418 4754
408 433 475 531 362
579 417 1403 560 passurararrouus

405 615 559 712 pclsere,
585 611 722 686 viderat
743 609 892 686 Daniel:
917 610 974 682 cui
998 607 1073 682 viso
1097 623 1338 706 congruenter
1360 605 1466 682 Filius
1487 607 1556 683 ho·

401 715 504 788 minis
530 707 592 804 ipli
614 732 688 784 non
714 725 856 808 poterat
878 707 1045 802 adparere
1069 707 1210 780 coelum
1232 705 1466 795 adscendens,
1491 705 1555 778 sed

404 811 558 883 debebat
577 807 620 882 ad
641 805 804 897 Judicem
818 805 1012 876 accedens.
1072 807 1163 876 tum
1186 804 1346 890 veroid,
1372 805 1467 894 quod
1482 803 1555 876 Da-

405 907 490 982 nieli
513 904 706 1000 pervisum
728 903 763 976 in
785 919 879 975 terra
900 899 1078 993 adparuit,
1104 901 1139 972 in
1155 901 1256 971 coelo
1273 898 1381 972 suerit
1397 898 1554 988 fabium,

405 1005 466 1078 ubi
491 1002 590 1075 Deus
619 1004 768 1072 thronum
791 997 955 1072 censetur
980 998 1129 1071 habere:
1165 993 1342 1085 Meffiam,
1403 1017 1485 1070 uem
1508 997 1556 1070 ad

373 1173 377 1182 ,
406 1101 577 1176 thronum
601 1095 670 1168 Dei
695 1096 785 1168 vidit
806 1096 1109 1188 adpropinquare,
1143 1093 1178 1166 in
1200 1093 1340 1166 coelum
1356 1019 1457 1165 idue
1472 1113 1560 1164 eve·

409 1193 523 1280 dum,
548 1193 635 1268 nihil
659 1193 805 1266 habeta
828 1191 891 1264 visr
915 1189 1093 1265 intelletiu
1115 1191 1229 1262 alieni.
1278 1188 1408 1264 Ansam
1430 1189 1474 1261 de
1497 1190 1559 1261 ad·

410 1291 553 1382 secuso,
578 1294 613 1366 in
630 1290 864 1384 implemento
881 1289 1000 1362 locum
1015 1287 1200 1374 habituro,
1216 1287 1393 1382 cogitandi
1413 1293 1559 1381 qu'oquc

410 1389 577 1464 suscitare
605 1406 725 1482 aptum
749 1383 818 1471 est,
855 1385 972 1478 quod,
1008 1405 1054 1458 nc
1077 1383 1120 1456 de
1146 1383 1280 1457 throno
1302 1382 1435 1479 Judicis
1458 1381 1560 1457 forte

410 1485 512 1578 supra
535 1499 666 1558 terram
689 1481 814 1556 cveslo
839 1482 975 1570 dicam,
1007 1483 1144 1553 nultius
1162 1484 1239 1552 coeli
1254 1478 1369 1552 suerit
1389 1479 1562 1556 addusius

410 1583 453 1656 ad
474 1581 647 1674 Judicem.
704 1576 850 1651 Nubium
874 1579 969 1652 enim
993 1577 1178 1652 comitatus
1200 1576 1288 1650 ficut
1309 1576 1487 1651 coelestem
1500 1599 1565 1650 or·

412 1695 512 1768 tum,
539 1693 579 1750 ut
593 1675 702 1752 modo
717 1673 925 1764 observavi,
951 1674 1000 1748 ita
1016 1673 1114 1750 srmul
1128 1672 1303 1746 coelestem
1324 1673 1423 1770 regni
1438 1673 1569 1750 sedem

413 1778 463 1849 ob
485 1775 608 1848 oculos
632 1793 767 1868 ponere
792 1771 932 1864 potest,
966 1793 1011 1845 ne
1036 1770 1079 1843 de
1104 1768 1257 1844 terrestri
1278 1769 1378 1866 Rege
1394 1772 1429 1844 dt
1445 1793 1561 1867 regno

382 1943 386 1950 .
414 1872 661 1968 cogitaremus.
685 1909 690 1918 ·
710 1869 818 2038 (guod
839 1871 956 1962 itaque
980 1868 1105 1941 Daniel
1127 1890 1192 1962 per
1207 1867 1319 1942 visum
1334 1867 1421 1941 vidit
1436 1871 1471 1942 in
1488 1885 1562 1942 ter·

413 1989 453 2041 ra
482 1967 622 2062 peragi,
657 1965 718 2038 illu
766 1969 899 2039 nubium
926 1965 1119 2054 emblema,
1159 1965 1196 2037 in
1223 1965 1313 2040 coelo
1337 1963 1457 2058 reapse
1486 1963 1567 2037 else·

416 2061 667 2160 prestandum,
693 2063 835 2138 indicae
890 2061 959 2134 Cui
982 2063 1090 2134 robur
1110 2063 1247 2135 accedit
1268 2083 1312 2136 ex
1334 2060 1561 2136 circumstan·

416 2163 475 2236 tiis
499 2157 679 2234 adscensus
702 2159 848 2235 Domini
865 2158 973 2234 nostri
991 2159 1026 2232 in
1044 2159 1190 2245 coelum,
1216 2157 1292 2230 Asi.
1317 2180 1346 2232 1:
1363 2181 1395 2252 9.
1421 2160 1484 2230 ubi
1498 2183 1563 2231 nu·

415 2263 467 2333 bes
489 2256 624 2332 exserte
648 2274 865 2334 memoratur
879 2277 961 2330 eum
976 2257 1088 2330 oculis
1102 2255 1367 2348 Discipulorum
1382 2253 1564 2330 subduxis-

416 2355 474 2446 se,
499 2355 532 2427 &
549 2355 676 2429 coelum
693 2352 810 2428 versus
826 2351 995 2428 extulisse.

465 2455 498 2542 §.
515 2451 572 2526 lX.
599 2451 652 2524 Ex
674 2449 770 2525 diets
792 2452 980 2536 elucescit,
1006 2445 1197 2524 aduentum
1212 2447 1342 2522 Meliioe
1358 2449 1400 2521 ad
1418 2449 1563 2528 Patrem¹

417 2551 455 2624 in
474 2551 628 2636 coelum,
665 2547 700 2619 dc
755 2547 918 2622 rimordia
945 2547 1057 2642 Regni
1079 2547 1175 2637 ejus,
1208 2567 1280 2620 non
1302 2546 1459 2622 ultimam
1483 2549 1562 2640 ejus

416 2646 603 2745 periodum
634 2642 695 2716 sub
725 2573 832 2717 duem
855 2643 1070 2729 seculorum,
1098 2657 1149 2716 ‘ut
1170 2643 1288 2716 multis
1308 2645 1468 2730 videtur,
1501 2648 1569 2720 bic·

416 2739 673 2835 repraesentari.
725 2760 758 2812 1.
781 2738 874 2838 Quia
894 2741 950 2811 hic
973 2739 1014 2810 ad
1037 2753 1172 2833 patrem
1193 2740 1339 2830 adduci,
1374 2741 1407 2814 dt
1428 2745 1468 2816 ab
1489 2765 1561 2826 eo,

418 2836 751 2932 tanquamJudice,
786 2837 946 2928 accipere
971 2857 1138 2932 regnum,
1173 2839 1395 2930 proponitur.
1451 2839 1562 2933 Quod

420 2935 456 3009 in
487 2935 655 3027 primam,
697 2933 732 3006 dc
760 2933 1042 3018 nonnionem,
1082 2933 1181 3030 regni
1204 2935 1378 3028 epocham
1402 2935 1560 3028 quadrat.

420 3030 478 3106 nd
508 3029 665 3104 dextram
687 3028 781 3102 enim
803 3029 911 3104 Patris
931 3029 1144 3119 collocatus,
1177 3031 1212 3102 δι
1235 3053 1296 3103 rer
1322 3053 1362 3104 ac
1386 3030 1564 3107 Dominus

387 3135 390 3141 '
419 3125 551 3212 factus,
582 3123 655 3219 ipsc
684 3147 758 3198 uon
787 3126 831 3199 ad
853 3127 991 3200 Patrem
1014 3127 1148 3214 tendit,
1192 3126 1250 3200 sed
1272 3151 1352 3202 cum
1377 3127 1575 3219 majestatis·

421 3224 489 3298 strae
514 3220 833 3313 demonstratione,
859 3224 1046 3298 interram
1071 3226 1193 3313 venit,
1219 3225 1445 3318 adpopulos,
1470 3227 1568 3301 srbia

423 3322 525 3397 Patre
550 3320 672 3408 datos,
698 3319 771 3392 subi
797 3321 920 3396 endos.
964 3319 1059 3395 Tota
1078 3320 1179 3396 scena
1192 3322 1234 3394 ad
1248 3323 1386 3396 initium
1404 3321 1569 3398 Dominii

423 3419 590 3516 &Regni
613 3344 849 3492 exhibendum
871 3416 1033 3494 instrubia
1056 3415 1117 3492 est.
1176 3441 1208 3490 2.
1236 3417 1328 3516 Quia
1350 3419 1569 3516 introdusiio
1681 3457 1684 3462 ·

423 3515 556 3590 Messa
577 3516 614 3589 in
636 3533 783 3610 regnum
806 3515 1030 3592 connectitur
1049 3536 1129 3590 cum
1151 3512 1290 3606 Judicio
1316 3514 1443 3590 Deiln
1457 3539 1568 3614 regna

424 3613 576 3701 hostilia,
603 3627 686 3686 ante
708 3610 837 3686 Meffiae
858 3615 1050 3688 adventum
1074 3610 1267 3698 destrusia‚
1292 3627 1333 3685 ut
1355 3613 1568 3706 exsuperio.

424 3713 518 3785 ribus
540 3708 686 3784 constat.
747 3731 780 3802 3.
806 3709 968 3798 Phrases,
999 3712 1035 3783 in
1061 3708 1256 3804 Euangelio
1279 3711 1416 3799 obviae,
1442 3712 1573 3804 quibus

419 3805 558 3903 praelim
581 3803 641 3897 ipfi
663 3807 740 3877 dota
763 3806 912 3895 dicitur,
938 3805 1017 3892 post
1038 3803 1350 3892 resurrcslionem,
1377 3813 1571 3886 incaelo&

415 3917 513 3978 ‘terro
543 3901 672 3978 ibach.
705 3922 862 3977 xxvrlt.
920 3903 995 3978 Rex
1019 3899 1062 3986 ὃ
1082 3903 1247 3976 Dominus
1260 3899 1375 3996 faciut
1396 3905 1475 3981 Asi.
1506 3927 1579 3986 1ss

1356 4037 1359 4044 ⁴
1450 4025 1570 4106 nomen
