3456 4784
410 454 480 526 „4
578 413 1391 498 cosrnsnrnntus

409 605 527 682 nostra
541 602 731 698 pericopa,
769 597 975 690 complexa,
1008 593 1093 668 licut
1113 592 1269 670 nostram
1285 591 1552 686 interpretatio·

408 725 493 780 nem
511 701 650 798 egregie
665 695 800 784 lismat,
825 696 875 768 ita
892 715 933 766 ex
950 714 990 764 ea
1004 693 1121 766 lucem
1142 707 1335 766 mutuatur.
1413 717 1417 724 ¹

458 804 490 890 §.
514 799 555 870 l..
582 796 749 868 Ceterum
780 791 962 866 molimina
991 790 1120 862 horum
1148 788 1355 864 Zelotarum
1375 809 1444 881 pro
1464 789 1553 881 reip.

406 895 571 969 libertate
593 887 782 986 pleniliima
804 889 840 962 in
856 885 997 960 historia
1011 907 1085 959 non
1101 883 1200 958 suilse
1214 883 1400 972 adnotata,
1426 886 1555 962 mirum

405 989 564 1079 nonest,
589 1008 658 1064 nec
672 985 798 1060 nostrae
812 981 995 1078 hypothesi
1012 979 1143 1069 officit,
1163 1003 1244 1056 cum
1261 979 1358 1076 quod
1374 981 1557 1057 defectuo-

408 1087 478 1160 sam
495 1107 573 1160 eam
596 1083 813 1169 habeamus,
852 1097 929 1155 tum
952 1079 1047 1172 quod
1068 1101 1152 1154 mox
1173 1080 1372 1170 intercepta
1392 1077 1489 1164 lint,
1522 1078 1556 1152 u

410 1187 502 1258 intra
522 1181 708 1256 conamina
729 1177 883 1253 mansisse
902 1178 1112 1268 videantur,
1145 1176 1196 1250 uti
1214 1197 1259 1248 ex
1275 1175 1353 1268 ipsis
1368 1175 1489 1248 verbis
1505 1175 1556 1248 fa.

397 1283 478 1364 ,cile
503 1279 692 1374 colligitur.
742 1273 924 1349 Nonnulla
947 1289 1064 1347 tamen
1079 1269 1151 1346 sese
1168 1270 1329 1348 offerunt
1342 1269 1560 1366 specimina,

412 1399 456 1450 ex
473 1376 597 1469 quibus
612 1375 655 1446 de
671 1371 794 1444 animis
803 1372 1007 1464 Judaeorum
1023 1369 1066 1442 ad
1080 1370 1169 1466 reip.
1184 1369 1384 1444 libertatem
1399 1369 1558 1454 adseren.

414 1475 492 1546 dam
514 1471 658 1564 pronis,
690 1471 912 1562 paratisque,
946 1467 1074 1559 conjici
1095 1467 1198 1542 facile
1225 1463 1339 1559 poffit.
1390 1465 1475 1564 Quo
1499 1465 1560 1540 de·

412 1569 521 1643 fetlio
536 1565 735 1658 Jndaeorum
750 1587 770 1637 a
784 1587 865 1661 rege
881 1564 1037 1660 Aegypti
1050 1564 1093 1640 ad
1108 1563 1327 1658 Antiochum
1343 1609 1355 1649 ,
1369 1559 1472 1656 supra
1487 1584 1561 1637 me·

401 1681 567 1746 morata,
594 1663 798 1758 privilegia,
823 1684 899 1755 quae
916 1662 1114 1736 Antiochus
1131 1659 1209 1754 ipsis
1226 1655 1473 1749 cancellinus
1490 1659 1564 1734 ani·

412 1785 491 1834 mos
512 1781 637 1832 eorum
662 1758 723 1829 srbi
741 1757 1003 1846 conciliandos,
1029 1779 1182 1852 quorum
1203 1754 1305 1850 supra
1319 1755 1425 1830 etiam
1439 1757 1563 1832 memi-

414 1859 474 1944 ni,
499 1856 536 1944 u,
556 1854 620 1925 alia
641 1851 761 1926 similia
786 1853 877 1926 hand
901 1852 1051 1928 obscure
1075 1853 1221 1928 facium.
1279 1851 1359 1926 Nec
1382 1867 1453 1928 tam
1475 1851 1565 1932 fides

272 2011 276 2018 .
415 1945 618 2046 Jndtco'rum
640 1950 677 2021 in
700 1948 943 2036 Antiochum,
970 1971 1074 2042 quam
1095 1952 1164 2026 hoc
1178 1947 1289 2043 ipsum
1304 1949 1473 2024 libertatis
1487 1949 1563 2024 stu.
1695 1957 1700 1966 '

415 2051 513 2122 dium
546 2047 582 2119 in
606 2043 706 2117 causa
730 2045 815 2118 mihi
838 2045 940 2119 fuisse
959 2046 1119 2135 videtur,
1145 2067 1251 2138 quare
1273 2045 1381 2138 Judtei
1405 2069 1425 2120 a
1446 2048 1567 2140 Scopa

417 2143 637 2242 oppugnati,
670 2142 826 2234 nihilque
848 2146 891 2217 ab
910 2143 1116 2229 Antiocho,
1142 2157 1228 2218 tunc
1249 2142 1392 2218 absente
1414 2143 1565 2220 &bello

416 2265 500 2320 curn
523 2240 648 2314 Attalo
671 2238 832 2314 distrusio
856 2245 893 2328 l,
932 2251 994 2312 aut
1016 2240 1249 2316 metuendum
1272 2256 1333 2313 aut
1354 2235 1565 2334 sperandum

417 2343 609 2427 habentes,
635 2353 706 2412 tam
730 2335 883 2410 animose
903 2335 1115 2426 restiterint,
1147 2353 1187 2412 nt
1202 2359 1274 2410 non
1291 2335 1354 2410 nisi
1368 2341 1561 2436 expugnati

220 2485 225 2496 ·
361 2480 365 2486 ·
416 2435 489 2510 sese
511 2437 634 2527 Scopae
656 2432 890 2526 subjecerint,
923 2455 990 2508 nec
1012 2433 1075 2506 nist
1093 2433 1250 2527 praesrdio
1270 2431 1374 2508 firmo
1397 2434 1566 2512 Hieroso·

417 2534 520 2622 lymis
545 2528 709 2623 impofito
731 2531 768 2603 in
788 2531 950 2604 ordinem
975 2530 1086 2625 redigi
1106 2531 1308 2623 potuerint,
1333 2531 1385 2605 uti
1411 2551 1457 2605 ex
1472 2529 1565 2630 Jose-

414 2633 476 2725 pho
502 2646 517 2700 s
541 2641 664 2720 patet3
698 2646 780 2699 curn
800 2627 985 2723 Aegyptiis
1012 2627 1092 2716 alias
1112 2625 1236 2702 arelius
1261 2628 1296 2702 u
1320 2627 1565 2726 alongocon-

416 2721 546 2816 juntli,
572 2723 661 2793 adeo
683 2737 722 2794 ut
744 2722 779 2794 in
795 2725 970 2814 prioribus
985 2722 1153 2796 Antiochi
1168 2724 1473 2816 expeditionibus,
1498 2727 1566 2814 sub

419 2820 610 2892 Ptolemaeo
633 2815 876 2908 Philopatore,
902 2817 1003 2909 hujus
1026 2820 1181 2911 partibus
1199 2819 1565 2898 constanteradhaese·

358 2961 361 2968 ι
419 2916 512 2988 sinte
537 2913 592 2984 uti
606 2909 707 3002 supra
725 2933 770 2984 ex
792 2911 940 3005 Polybio
962 2918 1223 3009 epercepimus.
1258 2915 1339 2991 Nee
1354 2920 1463 2994 abste
1482 2919 1564 2996 sue·

321 3033 324 3038 ·
397 3015 402 3022 ’
419 3011 465 3083 rit
484 3005 666 3094 addidisse,
692 3005 831 3099 Judaeos
851 3024 954 3083 antea
968 3012 1066 3084 tenui
1082 3013 1116 3086 ἃ
1131 3036 1283 3109 paupere
1300 3015 1337 3090 in
1352 3016 1565 3094 conditione

417 3105 573 3199 posltOS,
600 3103 703 3196 paulo
725 3119 806 3178 ante
823 3105 893 3179 hoc
907 3121 1065 3200 tempus,
1090 3109 1337 3204 opeJ0sephi,
1362 3115 1565 3208 prudentis·

416 3202 490 3276 stmi
515 3200 549 3272 dt
568 3199 781 3276 strenuissimi
803 3203 898 3291 viri,
922 3229 961 3278 ex
973 3221 1166 3301 paupertate
1183 3207 1226 3292 sd
1242 3214 1402 3284 serenitate
1416 3227 1563 3308 ereptos,

417 3323 455 3372 cc
471 3305 507 3372 in
514 3297 987 3393 splendidioremvlrestarum
994 3299 1099 3400 sutffe
1109 3303 1299 3398 partums,
1325 3325 1366 3382 ut
1380 3309 1522 3403 verba]
1550 3346 1563 3362 ·

417 3395 511 3492 sephi
529 3396 712 3486 dlrabent3
738 3417 809 3490 quo
825 3400 1017 3473 multorum
1033 3401 1165 3476 animos
1182 3399 1389 3492 crevisse,&
1407 3404 1445 3480 in
1463 3405 1561 3499 spem

417 3492 573 3567 melioris
595 3515 635 3566 ac
657 3494 832 3568 liberioris
853 3490 958 3568 status
978 3495 1079 3574 fuisse
1099 3495 1233 3573 eredes
1253 3497 1285 3571 ἃ
1305 3499 1561 3594 inflammatos,

418 3590 521 3664 sacile
545 3591 762 3682 conjicimus.
827 3589 935 3688 Quod
958 3591 1067 3684 ipsum
1091 3595 1195 3670 titulo
1212 3610 1442 3692 perrupterum
1462 3622 1559 3676 com·

416 3686 626 3782 prehensum
656 3685 751 3778 elle,
789 3687 898 3762 modo
923 3686 1196 3766 observavimus.
1258 3693 1429 3800 Accedit,
1462 3697 1560 3770 hunc

1442 3792 1557 3886 ipsum

453 3945 469 3985 a
491 3927 556 3986 Liu.
578 3927 596 3986 l.
618 3941 723 3986 xxsrr.
801 3929 817 3985 b
840 3929 908 3989 Ant.
929 3931 948 3991 l.
969 3949 1038 3993 xrs:
1059 3941 1082 3992 t.
1107 3947 1132 4006 3.
1217 3933 1325 3996 stadt
1346 3931 1365 3994 l.
1386 3949 1415 3993 v.
1435 3953 1464 4014 p.
1486 3951 1556 4014 5972

449 4005 557 4062 dAnt.
580 4007 733 4064 l.x11:c.
756 4023 784 4078 4.
806 4005 831 4080 i.
855 4023 902 4068 ao.
