3416 4746
333 365 337 375 ’
416 373 529 459 'an
602 381 640 458 D
689 353 722 462 A
770 372 1065 471 Nssffxlsat.
1219 335 1333 494 ¹517

175 567 319 650 mellose
349 561 483 668 rejellus
513 569 611 666 regni
633 567 853 658 Maiestatem
877 572 976 646 nullo
999 550 1109 660 modo
1135 571 1328 666 conseque·

135 715 141 726 ι
174 685 243 744 tur.
296 667 428 742 Veniet
444 670 538 740 enim
554 665 624 761 ipse
636 666 739 758 stolo,
765 667 826 739 seu
844 667 952 753 lilius,
979 674 1012 742 in
1030 676 1236 762 opulentam
1252 669 1324 743 for·

173 779 317 856 tunam,
344 766 376 840 dt
399 786 567 861 regnum,
593 759 798 838 difficillimo
813 767 896 838 licet
911 783 1096 857 tempore,
1124 765 1320 840 vaferrimls

171 868 306 937 artibus
328 885 368 934 ac
385 861 557 953 hypocrisi
572 883 675 952 quam
692 858 918 934 firmissimum
935 864 1067 935 reddet.
1119 863 1208 961 Quae
1223 878 1322 936 ante·

169 983 273 1052 quam
292 959 333 1030 ad
351 958 605 1042 Heliodorum,
633 979 764 1051 regno,
790 957 885 1048 quod
903 975 1085 1049 rapuerat,
1114 958 1319 1050 expulsum,

166 1056 204 1130 dt
226 1057 444 1130 Antiochum
461 1053 700 1146 Epiphanem,
726 1050 893 1144 insignem
911 1056 1008 1150 regni
1026 1054 1315 1146 instauratorem,

167 1153 213 1226 ad
237 1175 324 1245 quos
347 1157 493 1226 omnino
519 1152 719 1242 pertinent,
752 1149 947 1242 adplicem3
981 1151 1181 1238 rationem,
1207 1160 1315 1244 quare

165 1251 343 1348 publicam
367 1251 459 1346 viam
484 1244 723 1334 deseruerim,
758 1245 1003 1337 tramitemque
1020 1249 1194 1338 fecerim,
1219 1269 1315 1322 nova

166 1348 371 1443 excogitata
400 1344 717 1437 interpretatione,
749 1343 896 1417 dandam
919 1345 1005 1418 mihi
1028 1344 1097 1418 esse
1113 1347 1240 1436 video,
1266 1365 1314 1420 ne

166 1441 205 1522 id
228 1459 362 1518 temere
380 1441 499 1514 fecisse
518 1441 655 1514 habear.

216 1545 249 1630 §.
266 1539 457 1614 LXXXVl.
490 1535 666 1612 Posterius
691 1561 765 1614 non
779 1555 923 1615 tantum
948 1535 1068 1616 ver-sus
1089 1544 1311 1634 membrum,

163 1639 261 1731 quod
291 1638 324 1711 δι
354 1659 417 1711 nos
445 1637 626 1722 volumus,
661 1637 718 1711 sed
739 1638 772 1710 dt
791 1640 906 1734 prius,
936 1638 1128 1724 vertendo,
1155 1637 1311 1732 &flabit

162 1737 201 1808 r'n
222 1737 287 1807 loc'o
309 1737 364 1806 vri
377 1733 473 1826 statu
498 1734 567 1829 ejus
587 1731 763 1828 deſjrrflus,
797 1733 841 1816 δ’
856 1757 918 1812 non
933 1741 1095 1808 tribuetur
1109 1741 1138 1808 ei
1152 1739 1249 1810 bonor
1261 1759 1312 1810 rt·

159 1835 265 1926 gius,
304 1829 348 1903 ad
383 1830 601 1904 Antiochum
639 1827 856 1924 Epiphanem
896 1833 1076 1905 communi
1107 1833 1309 1922 consensu,

161 1943 341 2022 quotquot
365 1925 499 2001 sensum
527 1923 729 2000 historicum
757 1927 815 2001 seu
838 1927 1053 2015 litteralem,
1089 1929 1148 2002 sen
1173 1929 1308 2017 solum,

160 2026 225 2100 seu
254 2029 368 2116 primo
391 2025 425 2096 dt
447 2024 588 2118 typice,
620 2021 815 2110 ledantur,
843 2023 892 2094 ‘de
914 2046 985 2118 quo
1005 2047 1117 2112 mort,
1143 2026 1309 2101 referunt

160 2135 309 2204 omnes,
368 2143 429 2193 uos
457 2120 542 2191 mihi
567 2120 739 2210 inspicere
759 2119 880 2193 datum
902 2119 971 2204 est,
1007 2123 1228 2197 Antiochum
1246 2123 1306 2196 ad-

81 2237 92 2300 j
157 2217 283 2311 pellari
306 2144 476 2306 despoliem
499 2215 700 2297 censentes,
725 2213 798 2285 live
818 2216 912 2305 quod
929 2212 1011 2307 obser
1031 2217 1305 2310 Romaefuerit,

156 2313 231 2388 five
253 2310 348 2404 quod
363 2309 398 2382 in
414 2310 511 2406 regni
525 2307 821 2381 administratione
837 2308 905 2380 sese
921 2312 1202 2387 contemtibilem
1218 2337 1302 2406 prae·

154 2406 307 2494 stiterit,
333 2410 458 2501 regium
482 2427 569 2478 vero
591 2407 682 2477 decor
702 2404 734 2476 ei
757 2403 859 2478 initio
874 2403 974 2477 fuisse
994 2408 1213 2496 recusatum,
1240 2412 1301 2486 seu

84 2573 87 2578 .
153 2525 228 2582 non
251 2504 401 2578 dandum
424 2499 661 2596 opportuisse,
699 2504 831 2595 quippe
852 2502 1029 2596 nonipsr,
1065 2503 1121 2577 sed
1146 2503 1219 2578 silio
1239 2509 1311 2594 Ser
1335 2509 1339 2524 “

149 2603 244 2678 leuci
270 2604 476 2682 Demetrio,
502 2599 626 2674 Romae
650 2621 745 2672 nunc
768 2598 922 2673 obsidem
944 2600 1088 2694 agenti,
1114 2603 1295 2694 debitum3

148 2723 222 2795 quo
244 2701 351 2770 verba
376 2698 522 2770 tendere
547 2696 765 2783 decernunt,
792 2693 835 2778 ὃ
854 2719 917 2769 non
935 2698 1066 2768 dabitur
1083 2702 1113 2771 ei
1134 2701 1226 2771 decus
1247 2725 1297 2773 re·
1403 2705 1420 2733 f

146 2806 250 2894 glum.
302 2794 444 2869 Venisse
471 2811 586 2868 tamen
611 2814 694 2867 eum
720 2813 782 2884 per
797 2809 889 2866 artes
904 2794 938 2866 dt
954 2791 1092 2869 fraudes
1109 2796 1236 2870 volunt
1250 2797 1294 2872 ad

144 2887 324 2990 regnum,
364 2913 404 2966 ac
425 2893 549 2984 nepoti
574 2888 807 2984 praeripuisse,
840 2889 998 2983 specioso
1021 2893 1078 2963 vel
1103 2896 1229 2966 tutoris
1255 2894 1312 2968 dt·

142 2987 429 3065 administratoris
453 2989 556 3061 titulo
580 2993 706 3060 sumta.
765 2985 878 3085 Quam
905 2989 1136 3080 hypothesin,
1163 2991 1290 3084 utpote

144 3109 214 3164 nec
244 3086 382 3162 uerbis,
410 3106 489 3180 nec
517 3081 666 3154 historlae
692 3083 990 3169 consentaneam,
1030 3087 1220 3180 seponere,
1254 3089 1289 3162 δι

142 3205 225 3257 cum
249 3182 353 3274 longe
371 3177 549 3259 faciliore,
575 3178 683 3250 modo
700 3178 796 3256 data,
822 3198 1041 3253 commutare
1056 3183 1138 3253 mihi
1157 3184 1301 3270 licere,

141 3279 239 3356 saluo
267 3274 460 3348 llotlorum
485 3273 670 3358 virorum,
696 3272 751 3342 cui
767 3273 926 3344 modesto
940 3296 1024 3348 meo
1037 3277 1182 3350 dissensu
1200 3282 1287 3354 nihil

142 3371 337 3449 detraslum
360 3371 399 3441 iri
425 3365 646 3453 existimem,
682 3367 840 3446 honore,
867 3370 915 3442 ob
937 3370 995 3441 har
1016 3373 1172 3444 rationes
1187 3391 1285 3460 puta·

141 3471 192 3546 vi.
249 3493 276 3545 t.
300 3466 425 3542 Phrasrs
442 3463 598 3556 (lolithan
611 3478 650 3548 hp
664 3486 736 3537 non
754 3461 939 3558 fignificat,
958 3463 1136 3558 superlato
1154 3474 1207 3540 vel
1222 3467 1286 3554 Aa·

142 3575 229 3645 tione
253 3568 341 3662 ejus,
368 3565 424 3637 sed
439 3580 563 3638 contra
578 3560 724 3648 dolonem
745 3563 799 3634 vel
809 3558 922 3654 filium
937 3563 1025 3652 ejus,
1051 3581 1090 3634 ur
1107 3565 1207 3656 supra
1220 3570 1285 3640 ob·

142 3667 302 3753 servavi3
328 3661 485 3753 adeoque
507 3660 611 3734 talem
632 3658 759 3754 fignat,
792 3661 849 3750 qui
875 3658 963 3754 regis
987 3655 1060 3731 lilio
1075 3660 1109 3730 dt
1124 3661 1284 3756 legitimo

143 3751 327 3837 successori
351 3757 564 3832 adversatur.
627 3755 783 3848 Oportet
811 3758 955 3849 itaque,
988 3754 1011 3827 st
1034 3757 1077 3828 de
1100 3759 1285 3837 Antiocho

11 3865 14 3874 ’
142 3857 329 3957 Epiphane
354 3870 538 3954 ageretur,
564 3853 655 3928 salua
678 3852 838 3925 versione
860 3851 1086 3948 nostrastaltr
1102 3855 1287 3948 contraste-

692 3950 775 4026 Ttt
799 3972 820 4044 3
1186 3957 1299 4034 lnam-
