3444 4778
436 367 508 458 ,os
599 345 1408 438 connumeratus

433 543 509 618 stat.
560 569 592 632 4.
620 543 804 638 Denique,
828 542 912 635 quid
933 541 991 614 sibi
1015 563 1150 630 voces,
1176 541 1269 614 decos
1284 542 1399 634 regni,
1424 557 1503 628 quae
1521 553 1575 612 αδ
1685 566 1688 575 ·

432 643 531 713 uitari
554 641 828 736 subjunguntur,
854 639 991 712 velint?
1016 639 1076 711 vix
1090 661 1135 713 ex
1151 637 1215 710 hac
1231 634 1416 730 hypotheii
1431 635 1574 730 expedi-

433 739 462 808 ri
481 740 630 830 poterit:
656 758 763 828 quare
786 736 823 806 in
850 735 984 808 divcrla
1006 736 1195 809 admodum
1218 731 1446 814 discellerunt
1461 733 1575 806 luteo·

434 849 572 924 pretes;
599 833 723 926 quibus
744 854 816 904 non
838 831 1072 906 immorabor:
1098 853 1179 906 cum
1198 831 1345 920 cuique,
1372 829 1483 901 varias
1497 827 1572 919 opi·

433 929 559 1002 nioues
582 951 706 1003 eorum
732 925 926 1024 relegenti,
964 928 1000 1002 id
1022 927 1135 1020 ipsum
1155 925 1258 998 facile
1282 927 1450 1018 adparere
1471 939 1568 1019 pote·

434 1042 493 1098 rit.

484 1125 515 1210 §.
533 1117 688 1195 LXXIX.
713 1117 917 1196 Proferrem
934 1121 1095 1214 equidem
1110 1119 1295 1214 Porphyrii
1313 1119 1572 1212 interpretatio·

434 1239 543 1302 nem,
569 1221 666 1308 cujus
691 1221 850 1292 meminit
865 1219 1121 1309 Hieronymus,
1147 1217 1205 1288 l'ed
1220 1219 1398 1310 paululum
1415 1218 1574 1290 immuta·

435 1331 527 1399 tam,
555 1311 680 1408 (licet,
705 1330 771 1406 qua
789 1317 925 1388 ratione
940 1330 1098 1388 mentem
1116 1313 1321 1406 explicuerit
1337 1313 1572 1406 Porphyrius,

436 1431 479 1480 ex
500 1409 636 1482 Hieron
701 1433 724 1484 0
745 1411 838 1484 clare
859 1433 932 1484 non
953 1409 1114 1506 constet)
1137 1411 1226 1483 hanc
1247 1411 1284 1482 in
1305 1407 1468 1483 formam.
1500 1409 1579 1480 Sto-

435 1510 482 1578 bit
501 1521 610 1577 contro
622 1433 734 1600 ffldm
751 1509 841 1602 ejus,
865 1507 1032 1582 Antiochi
1048 1508 1123 1594 lt,
1150 1512 1289 1579 transire
1299 1502 1433 1597 fatiens
1451 1505 1575 1578 exodio

435 1605 528 1673 decus
548 1608 643 1698 regni
652 1651 664 1689 ,
691 1603 900 1678 Ptolemaeus
915 1603 1135 1696 Epiphanes,
1161 1602 1399 1676 exactionibus
1414 1601 1481 1675 suis
1495 1623 1574 1694 pto.

435 1698 583 1770 stituens
601 1697 820 1786 Majestatem
838 1701 957 1793 regni,
983 1697 1080 1772 fimul
1090 1701 1245 1794 perdens,
1259 1699 1358 1793 quod
1369 1697 1419 1772 est
1434 1699 1575 1782 transire
1613 1716 1615 1722 ’

350 1882 352 1888 ¹
429 1789 556 1882 forare.
607 1795 673 1863 Cui
690 1795 780 1865 haud
797 1793 886 1867 male
901 1796 1084 1883 concinit,
1106 1795 1201 1888 quod
1215 1796 1394 1870 Diodorus
1409 1795 1575 1898 Siculusc

437 1886 567 1974 tradit,
588 1909 691 1975 eum,
718 1909 796 1962 cum
812 1890 977 1980 praeclare
991 1892 1212 1983 aliquandiu,
1233 1890 1456 1986 superstite&
1472 1903 1572 1986 regn!

436 2007 535 2056 cauus
558 2003 703 2078 gerente
724 1983 967 2071 Aristomene,
993 2007 1068 2060 rem
1090 1987 1370 2074 administrasset,
1403 1989 1444 2062 ab
1459 1986 1575 2060 adula-

437 2083 573 2153 toribus
603 2095 831 2174 corruptum,
871 2081 1132 2158 Aristomenem
1153 2105 1297 2159 veneno
1320 2083 1506 2174 sustulille,
1537 2081 1575 2156 dt

436 2175 622 2250 efferatum
647 2177 818 2272 rogavistis
842 2187 1058 2276 παρανομίαν,
1084 2187 1145 2252 tirh'
1166 2188 1188 2252 u*
1206 2185 1366 2268 &arthemio
1387 2187 1505 2269 ἑξασίαν
1527 2195 1576 2276 itt

434 2283 607 2346 ronoirom
624 2273 804 2364 saevitiam,
831 2299 892 2348 nort
920 2281 1042 2372 regium
1064 2275 1249 2372 potestatem
1273 2278 1438 2352 sertatum
1464 2276 1574 2352 futile.

436 2369 543 2468 Quod
572 2375 666 2464 regui
694 2374 806 2458 decrit,
838 2371 1041 2446 citatiorem
1069 2375 1225 2470 agendo,
1270 2380 1412 2448 transire
1432 2372 1575 2466 facere,

434 2468 526 2538 haud
541 2469 662 2558 inepte
678 2467 873 2554 diceretur,
885 2471 1032 2543 maxime
1049 2493 1129 2545 cum
1146 2473 1189 2542 ab
1207 2493 1252 2558 eo
1268 2485 1404 2566 tempore
1420 2477 1456 2545 io
1470 2475 1574 2544 odium

432 2566 543 2656 populi
571 2564 738 2647 inciderit,
774 2561 816 2643 ὃ
844 2579 958 2654 porum
992 2563 1138 2655 afuerit,
1173 2572 1252 2661 quin
1273 2591 1370 2663 regno
1391 2565 1572 2664 excidiffet,

435 2658 530 2746 quod
553 2659 680 2729 ibidem
706 2657 801 2730 addit
825 2659 1016 2736 Diodorus.
1065 2662 1237 2736 Praeterea
1261 2685 1342 2738 eum
1366 2681 1490 2738 contra
1513 2666 1572 2737 Se·

433 2754 600 2824 leucum.
626 2775 743 2842 regem
769 2755 894 2842 Syriae,
926 2754 986 2826 seu
1006 2753 1119 2846 filium
1139 2759 1295 2833 Antiochi
1319 2760 1395 2848 Μ,
1418 2759 1570 2855 stetiffe,

404 2865 406 2870 ·
434 2847 529 2938 quod
558 2848 613 2915 ule
629 2849 795 2928 habetur,
822 2847 1034 2941 Porphyrius
1051 2863 1066 2917 t
1081 2849 1246 2946 testatur,
1272 2859 1431 2949 quicum
1451 2858 1571 2930 Seleu·

429 2965 478 3027 ¹co
507 2939 640 3029 insidior
659 2939 814 3036 strumffe
844 2943 886 3026 &⁹
913 2953 1092 3021 exercitum
1109 2951 1264 3046 aduersus
1281 2977 1351 3028 eum
1371 2948 1571 3052 ptotporofft

435 3039 557 3110 refert.
617 3035 722 3127 Cujus
742 3040 821 3111 belli
846 3041 957 3132 ratio,
990 3061 1028 3116 ut
1053 3046 1092 3118 id
1111 3051 1228 3122 obiter
1250 3051 1457 3140 observem,
1487 3051 1570 3125 mihi

434 3133 626 3226 repetenda
651 3135 790 3208 vitietur
813 3138 943 3226 abeo,
976 3131 1071 3232 quod
1093 3143 1312 3236 Coelesyriam
1332 3169 1374 3222 ac
1397 3147 1569 3240 Judaeam,

433 3232 476 3304 ah
492 3231 682 3306 'Antiocho
703 3233 757 3308 ll.
775 3233 865 3308 dotis
883 3237 1026 3310 nornine
1042 3240 1233 3315 Ptolemaeo
1248 3243 1465 3335 promissam,
1491 3252 1571 3321 reti·

436 3327 557 3402 nu'errt
577 3329 765 3419 Seleucus,
792 3332 869 3416 vel,
903 3331 930 3403 st
954 3355 1104 3426 unquam
1129 3339 1253 3410 tradita
1270 3338 1361 3430 fuit,
1387 3363 1570 3437 recupera·

434 3429 547 3512 uerit,
587 3445 735 3518 eatnque
757 3428 864 3500 armis
881 3431 915 3500 ei
935 3447 1147 3523 extorquere
1170 3437 1324 3512 voluerit
1347 3437 1567 3514 Ptolemaeus.

432 3523 486 3595 Ex
509 3545 579 3613 quo
602 3523 690 3595 ratio
712 3524 840 3614 pariter
861 3526 1045 3614 elucescit3
1084 3552 1190 3622 quate
1223 3531 1399 3626 Propheta
1427 3539 1501 3628 ejus
1521 3538 1570 3610 rei

434 3619 634 3692 meminerit
658 3619 692 3690 iu
713 3619 917 3712 prophetia,
943 3631 1213 3708 concertationum
1234 3628 1367 3706 illarum
1391 3634 1435 3704 de
1451 3633 1569 3724 Judua

433 3739 518 3811 crgo
540 3715 705 3788 revelata.
763 3713 902 3808 Utique-
917 3715 1194 3812 Coelesyriam'·&
1216 3721 1369 3814 Judaeaffl
1393 3731 1569 3803 sumit„

1470 3847 1571 3923 potc-

472 3931 640 4020 alirrecrpt.
664 3931 923 4008 tituto-gnua.
1004 3936 1251 4014 assultuum.
1387 3929 1391 3941 ’
