3462 4770
317 409 365 464 no
414 384 778 478 VATICINIA
827 386 1166 474 DANlELI&
1243 425 1314 505 247

165 560 249 648 ruht
273 572 423 667 denique
444 571 520 648 haee
543 595 671 671 regna,
708 586 895 676 antequam
915 585 1060 670 paruum
1087 601 1213 666 semu,
1252 579 1313 654 seu

161 694 310 768 regnum
340 671 631 762 Seleucidaruor,
672 668 773 768 supra
802 670 936 764 reliqua
965 673 1075 748 fuerit
1102 677 1309 755 elevatums

159 771 282 866 puod,
314 789 353 844 ut
376 769 418 844 de
440 789 571 846 nouem
601 772 804 846 memoratis
827 787 954 846 noturn
979 772 1028 846 ell
1053 796 1098 849 ex
1124 772 1310 868 superiori·

156 869 242 956 bus,
268 869 311 941 de
333 867 408 941 solo
429 869 646 968 Pergameno
666 870 818 944 dubitari
844 869 967 962 pollet.
1018 871 1107 960 Sed,
1131 873 1216 947 licet
1232 871 1309 946 uni·

156 989 199 1040 us
216 971 312 1063 regni
333 971 496 1062 exceptio
520 989 643 1060 parum
661 965 871 1064 difficultatis
892 967 1067 1058 adferret,
1090 972 1197 1052 ,decem
1212 971 1308 1046 enim

154 1084 290 1149 ¹cornua
314 1081 564 1158 antepartum
593 1087 708 1138 cornu
737 1065 868 1136 elatum
892 1065 1059 1158 adpellari
1081 1066 1302 1158 potuissent,

153 1185 265 1241 unum
290 1183 418 1233 eorum
441 1161 526 1234 lieet
550 1157 755 1256 paulopost
787 1175 910 1232 natum
935 1159 1046 1249 effet3
1080 1184 1125 1235 eo
1150 1185 1225 1236 non
1248 1183 1309 1236 ne·

155 1259 247 1332 cell'e
277 1257 330 1328 est
357 1255 565 1342 veniamur,
599 1280 680 1353 curn
702 1256 877 1328 Philetaeri
901 1253 1076 1345 defeuio,
1105 1281 1181 1352 quae
1208 1260 1308 1354 regui

156 1354 390 1428 fundamenta
413 1349 556 1446 posuit,
583 1352 696 1426 suerit
722 1374 836 1450 regno
863 1352 1123 1428 Seleucidarum
1153 1356 1191 1430 in
1221 1355 1310 1434 sum·

155 1475 254 1526 murn
278 1451 420 1523 culmen
439 1447 567 1523 edotio
587 1451 704 1543 prior:
736 1467 776 1522 ut
799 1470 843 1521 ex
866 1449 1040 1524 Plriletreri
1063 1449 1226 1542 historia,
1253 1453 1309 1528 su.

153 1573 217 1645 pra
242 1561 463 1636 memorata,
482 1547 524 1620 1&
542 1549 655 1624 Strab.
677 1549 701 1622 l.
725 1567 805 1620 xrrr.
831 1568 905 1642 pag.
922 1569 1005 1640 925.
1030 1549 1150 1646 colligi
1177 1549 1305 1644 potest.

203 1651 237 1738 §.
262 1643 392 1719 XVlll.
412 1644 476 1716 De
499 1644 665 1720 PARVO
687 1645 757 1718 hoc
779 1641 972 1738 CORNU,
995 1645 1088 1722 inter
1112 1647 1247 1743 reliqua
1269 1649 1307 1731 in
1423 1669 1426 1674 ·

20 1746 21 1754 '
150 1743 298 1820 sublime
322 1739 448 1817 evecto
474 1763 555 1817 cuna
580 1747 682 1816 trium
704 1741 966 1831 eradicatione,
993 1758 1181 1838 antequam
1204 1768 1306 1819 accu-
1469 1745 1473 1756 “

150 1844 258 1918 ratius
279 1863 402 1938 again,
425 1839 579 1934 illudque
601 1841 645 1914 ad
669 1861 816 1938 regnum
837 1840 975 1930 Seleuci
998 1840 1177 1918 Nicatoris
1198 1843 1307 1938 adpli-

147 1962 255 2035 eem3
289 1939 407 2012 notari
431 1938 556 2026 velim,
593 1937 678 2012 illud
707 1959 781 2012 non
805 1935 888 2031 post
908 1939 1041 2034 reliqua
1066 1957 1203 2030 uatum,
1243 1939 1304 2014 sed

148 2041 272 2114 etatum
293 2035 395 2110 fuisse
415 2035 568 2110 visonta
588 2035 748 2111 Daniele.
799 2037 923 2112 Statim
950 2059 990 2110 ac
1012 2062 1131 2112 toruuo
1154 2041 1189 2114 in
1219 2060 1324 2118 ocu.

147 2135 206 2211 los
236 2135 421 2228 prophetae
452 2135 705 2222 incurrerunt,
739 2133 841 2205 desem
871 2149 1008 2208 tanturn
1037 2136 1302 2215 animadvertit.

148 2233 221 2310 Sed
242 2231 354 2304 oculis
379 2233 416 2303 in
436 2251 478 2302 ea
501 2231 698 2304 accuratius
719 2225 840 2324 defixis
859 2244 1003 2326 porounr
1018 2231 1112 2302 inter
1134 2253 1174 2304 ea
1189 2253 1304 2306 cornu

147 2329 327 2420 advertit,
355 2326 450 2420 quod
473 2331 677 2400 eumerium
701 2321 839 2396 excidio
864 2323 935 2396 sese
958 2323 1189 2399 vehementer
1205 2327 1307 2415 supra
1352 2391 1353 2394 ,

148 2429 219 2504 alia
239 2423 381 2499 extulit.
431 2423 562 2498 Otturn
582 2421 698 2516 itaque
717 2441 797 2494 cum
814 2419 954 2513 reliquis
972 2419 1062 2510 suit,
1088 2421 1146 2496 sed
1164 2423 1306 2498 nonni.

146 2525 175 2602 ss
205 2524 242 2598 in
269 2523 379 2597 altuni
400 2517 560 2596 crescens
585 2519 707 2596 oculos
733 2517 840 2591 feriit.
897 2515 1003 2590 Unde
1028 2515 1100 2610 est,
1130 2518 1232 2614 quod
1258 2518 1304 2594 de

144 2637 223 2702 ortu
243 2621 319 2714 ejus
338 2617 448 2710 nihil,
473 2616 531 2692 sed
551 2617 594 2692 de
616 2623 809 2691 incremento
831 2613 864 2688 sc
885 2617 1063 2690 altitudine
1089 2631 1227 2692 tanturn
1253 2619 1306 2692 lo·

146 2733 275 2818 quatur
298 2717 441 2795 Daniel.
491 2715 549 2790 Ae
570 2714 666 2792 eninr
690 2717 799 2788 verba
820 2713 952 2789 hahent
981 2711 1029 2790 vs.
1057 2717 1088 2791 8.
1119 2713 1199 2788 Cum
1216 2737 1303 2792 ,uero

145 2840 270 2896 cornua
290 2817 456 2892 adtentius
469 2811 733 2908 ·tsufiderar·eur,·
759 2836 826 2886 ecce
848 2813 941 2886 aliud
961 2836 1061 2887 cornu
1081 2829 1224 2908 paruum
1248 2815 1306 2886 ad-

136 2917 269 3019 scendit
295 2918 381 2986 iuter
404 2938 465 3002 ea,
502 2909 544 2996 &⁹
566 2918 633 2986 triu
661 2938 700 2986 ex
727 2913 943 2985 anterioribus
973 2913 1139 2984 eradicata
1149 2907 1234 3006 sunt
1256 2935 1305 2984 co·

144 3039 223 3092 sam
242 3005 299 3082 es:
333 3011 428 3101 quod
449 3009 500 3081 vs.
527 3033 583 3098 24.
609 3011 645 3084 in
669 3011 743 3084 haec
773 3012 881 3084 verba
906 3009 1122 3103 exponitur,
1150 3007 1192 3092 ὃ
1217 3015 1306 3082 alius

145 3121 187 3190 in
201 3108 328 3206 summo
349 3109 487 3178 rulrniru
505 3104 609 3196 stalis
627 3104 695 3202 posi
717 3129 765 3180 eos
780 3129 804 3195 ,·
827 3114 949 3202 eritque
969 3129 989 3177 a
1008 3109 1172 3202 prioribus
1195 3108 1306 3180 diver·
1389 3129 1392 3136 ·

108 3223 114 3244 r
136 3209 204 3309 sus
231 3199 274 3288 {d
298 3215 363 3274 tras
385 3221 475 3294 reges
497 3203 661 3294 deprimas.
710 3201 810 3274 Patet
835 3202 953 3296 itaque
977 3201 1064 3276 nihil
1088 3201 1145 3274 hic
1168 3201 1212 3273 de
1233 3207 1303 3295 pri·

148 3331 202 3385 mo
225 3300 329 3391 huius
354 3319 469 3372 cornu
492 3311 587 3383 ortu,
618 3293 677 3368 sed
697 3295 741 3368 de
769 3303 962 3370 incremento
987 3299 1186 3370 sermonem
1210 3293 1301 3370 fieri.

147 3397 278 3504 Quid?
303 3395 398 3492 quod
419 3395 599 3470 adsentior
615 3394 892 3486 contemplatio,
918 3413 993 3484 quae
1016 3413 1131 3464 cornu
1153 3412 1303 3484 parvum

150 3497 309 3585 detexit,
341 3495 429 3568 illud
449 3494 524 3586 jarn
543 3488 667 3578 fuisse,
700 3489 759 3562 sed
781 3512 852 3564 non
874 3485 1182 3572 animadversum,
1210 3486 1304 3562 haud

150 3597 303 3675 obscure
330 3593 483 3680 indicet;
518 3613 564 3680 ne
587 3591 729 3677 dicam,
763 3587 875 3683 ipsorn
904 3589 1012 3682 parui,
1033 3583 1221 3678 epitheton
1246 3605 1306 3656 eo·

150 3699 234 3772 dern
265 3691 413 3780 omnino
445 3691 606 3765 tendere.
668 3687 817 3762 Parvum
848 3705 960 3760 cornu
990 3703 1070 3759 curn
1094 3680 1221 3756 dicitur
1241 3681 1299 3754 ad·

145 3781 341 3888 ¹scendi-sse,
368 3798 434 3876 iarn
457 3803 532 3860 turn
556 3784 677 3873 fuisse,
703 3784 760 3858 sed
787 3787 869 3856 exile
893 3779 1073 3869 &.senue,
1099 3781 1191 3855 clare
1206 3777 1305 3880 signi·

144 3891 306 3994 ficatur..
340 3881 469 3978 Er'ruot
491 3887 630 3984 itaque,
657 3885 717 3980 qui
732 3882 882 3978 verbum
904 3887 982 3994 nplo
999 3893 1170 3972 vertunt,
1195 3894 1305 3952 ortum

1238 3971 1306 4068 ‘sir
