3464 4774
360 331 512 436 strn-
580 353 620 429 1)-
666 349 799 432 nu.
871 349 937 432 xa
989 319 1127 448 reis·
1247 355 1347 452 '209

176 531 293 629 ,cepit
316 535 352 612 in
377 534 442 611 hac
464 538 700 633 repetitione,
721 539 822 633 quod
838 561 883 614 eo
896 539 971 639 ipso
986 553 1150 632 tempore
1164 541 1277 611 nuncii
1294 536 1347 610 illi

200 633 245 705 ad
266 657 348 708 eum
363 637 538 713 venerint.
590 637 708 712 Verba
721 639 769 712 ita
782 641 933 726 habent,
961 636 1004 720 ἐξ
1023 640 1123 710 exibit
1139 659 1211 708 eum
1224 655 1345 729 magne

194 733 457 806 excandescentia
478 737 520 806 ad
537 737 704 808 delendum
719 736 768 818 ,ἐξ
794 737 1014 810 devoventium
1028 738 1162 806 neutros:
1190 730 1233 815 &⁹
1248 737 1343 826 pien-

170 832 274 900 .iubit
299 837 440 903 tentoria
465 837 583 906 tunice
595 831 666 929 sue
689 841 836 906 coccineo
860 839 1068 906 intermuriu
1082 833 1129 904 ed
1140 843 1278 903 ruentem
1293 829 1343 900 d'e·

188 931 272 996 ceris
290 924 497 1020 substiteris.
554 929 701 1001 Dixerat
722 929 919 1021 propheta,
945 952 1099 1001 wrrunores
1122 929 1182 1000 vel
1204 930 1339 1001 nuncios

167 1022 300 1093 masos
327 1019 441 1114 ipsum
470 1022 696 1096 concussuros
720 1023 754 1096 &
779 1025 985 1099 excussuros
1009 1023 1100 1112 esse3
1134 1024 1243 1112 dein,
1276 1021 1341 1113 ipsi

186 1113 281 1192 haud
308 1117 372 1191 diu
392 1115 469 1211 post
491 1119 690 1194 violentam
712 1135 868 1195 mortem
890 1119 1114 1216 infligendam
1137 1119 1228 1204 effe,
1261 1117 1339 1190 sub·

182 1214 321 1308 junxit3
347 1215 526 1291 interserit
549 1238 631 1293 cum
656 1218 855 1292 violentum
876 1220 1008 1293 multos
1034 1215 1237 1290 destruendi
1254 1235 1337 1306 pro·

134 1359 148 1385 c
167 1309 360 1404 positum,
384 1312 482 1406 quod
500 1337 564 1409 per
587 1317 736 1389 nuncios
760 1316 839 1388 iilos
859 1316 1045 1410 impeditus
1063 1313 1113 1386 est
1132 1311 1338 1386 executioni

110 1501 114 1506 Ι
182 1407 288 1498 dare,
315 1425 389 1484 tum
413 1414 544 1485 montis
569 1411 672 1486 sanus
689 1411 929 1500 obsidionem,
954 1435 1057 1506 aqua
1070 1433 1133 1505 per
1147 1412 1240 1504 ipsos
1254 1409 1339 1488 illos

179 1506 331 1581 nuncios
353 1505 630 1596 abstraheretur,
656 1510 690 1584 ὅ(
704 1512 740 1582 in
756 1533 823 1602 qua
838 1509 1019 1584 mohmina
1038 1511 1112 1600 ejus
1128 1523 1254 1582 contra
1269 1527 1333 1598 po·

177 1603 283 1700 pulos
305 1601 514 1680 finirentur:
541 1627 618 1700 quae
635 1607 669 1680 ἂ
684 1605 755 1699 ipsa
770 1606 905 1679 causam
921 1608 1072 1696 excidii,
1093 1627 1177 1680 mox
1192 1607 1332 1677 secutu-

176 1701 231 1788 ri,
258 1723 384 1793 poenae
406 1701 533 1784 diuinae
558 1704 786 1796 conspetium
806 1701 974 1790 serentis,
1001 1705 1211 1799 preberent.
1261 1700 1333 1771 Re-

177 1798 311 1892 petitio
330 1799 467 1892 itaque,
501 1823 585 1894 quae,
602 1821 664 1896 per
686 1800 826 1876 senihil
839 1800 944 1874 habet
958 1801 1106 1888 insoliti,
1133 1799 1190 1872 hic
1208 1795 1333 1894 aptissi-

173 1917 233 1970 me
261 1895 295 1968 dc
325 1894 500 1992 sapienter
524 1895 750 1988 instituitur3
787 1895 928 1992 seseque
952 1897 984 1970 oe
1007 1920 1052 1972 eo
1077 1896 1326 1979 commendat,

173 1993 271 2087 quod
295 1997 404 2068 verba
427 1996 643 2071 intermedia
661 1995 739 2082 illa,
780 1994 970 2089 dequibus
992 1997 1144 2093 agimus,
1167 1995 1213 2067 ad
1228 1990 1329 2090 geste
1452 2031 1456 2034 ·

82 2115 91 2132 ¹
170 2091 263 2182 regis
290 2089 368 2184 post
394 2093 611 2188 precipitem
642 2095 723 2185 ejus·
742 2091 949 2179 discessum,
984 2113 1060 2184 quae
1085 2095 1327 2185 interpretum·

172 2181 225 2256 est
247 2185 469 2278 hypothesis,
495 2191 529 2258 se
543 2189 806 2261 adcommodati
821 2210 894 2259 non
910 2189 1108 2282 patiantur,
1134 2187 1176 2258 ad
1193 2205 1324 2282 praece·

170 2279 291 2354 dentia
314 2303 402 2354 vero
425 2305 526 2374 quam
549 2283 697 2376 optime.
753 2304 783 2356 1.
805 2279 968 2355 Verbum
987 2309 1046 2354 ner
1061 2281 1104 2364 &⁹
1119 2289 1218 2354 exibit
1234 2281 1326 2356 sicut

156 2377 211 2464 ,ad
230 2377 403 2474 egressum
418 2399 463 2452 ex
478 2399 610 2478 regno,
635 2377 696 2454 seu
710 2391 800 2450 ierne
814 2375 892 2468 sira,
914 2377 1070 2468 adeoque
1085 2379 1325 2473 expeditionis·

164 2475 203 2552 in
228 2488 342 2548 terras,
359 2475 509 2550 aliorum
528 2474 693 2564 initium,
731 2496 798 2548 nos
822 2497 930 2548 manu
950 2471 1040 2568 quasi
1068 2474 1190 2562 ducit,
1210 2476 1259 2549 ita
1274 2475 1322 2547 ad

164 2575 306 2648 reditun
321 2574 357 2646 in
373 2593 544 2744 repnum,
568 2595 676 2667 quem
692 2576 807 2644 nuncii
820 2572 869 2644 illi
885 2569 1107 2661 effecerunt,
1133 2570 1193 2648 vin
1209 2572 1317 2669 adpli-

164 2671 235 2744 cari
251 2669 385 2768 potest:
426 2669 497 2758 ed,
516 2673 590 2744 hoc·
609 2669 632 2742 fi
655 2668 820 2744 volui-siet
843 2672 1037 2767 propheta,
1064 2672 1177 2744 verbo
1195 2701 1248 2746 nu
1266 2693 1317 2744 re·

154 2773 273 2856 ¹uerti,
300 2785 340 2843 ut
360 2765 475 2865 paffim
496 2769 537 2844 in
553 2767 795 2863 superioribus
812 2767 913 2858 hujus
937 2790 1025 2863 cap,
1052 2781 1115 2844 aut
1131 2767 1252 2856 sinrili,
1278 2787 1316 2840 u·

161 2863 216 2940 sus
247 2863 365 2940 fuisset
437 2889 470 2940 2.
501 2865 616 2940 Modo
647 2887 728 2940 cum
752 2863 909 2956 dixisset,
941 2887 1062 2962 regem
1091 2889 1154 2961 per
1176 2871 1318 2940 nnneios

159 2959 263 3034 fuine
281 2960 574 3055 perterrefeiiurn:
607 2984 690 3037 eum
711 2985 836 3060 magna
858 2987 938 3038 cum
960 2965 1244 3053 excandescentia,
1278 2963 1315 3035 u

156 3055 314 3154 superbo
340 3058 519 3153 proposito
547 3061 664 3129 multos
687 3060 836 3148 delendi,
869 3083 955 3134 mox
983 3061 1196 3155 egressurum
1219 3061 1310 3149 esse,
1369 3059 1392 3101 b

148 3153 222 3250 ,uix
243 3151 337 3227 reete
360 3153 567 3248 subjungere
588 3168 748 3246 poterat,
779 3175 859 3251 cnm
884 3157 920 3230 in
941 3171 1078 3230 terrore
1103 3160 1309 3234 concussum

157 3251 246 3327 illud
273 3271 347 3326 non
377 3247 537 3344 quadret.
594 3270 626 3340 3,
653 3247 887 3343 Comparatio
903 3251 1028 3326 horum
1054 3256 1245 3330 verborum
1275 3255 1310 3327 bc

148 3347 434 3448 'praecedentium
451 3344 540 3420 vers.
554 3367 710 3440 eqo-43„
726 3347 770 3418 de
788 3347 910 3422 iisdem
928 3351 1122 3442 utrobique·
1135 3355 1188 3448 agi
1206 3354 1314 3427 moli.

157 3445 348 3535 minibus,
389 3441 481 3516 haud
514 3443 663 3519 obscure
691 3444 939 3535 demonstrat,
979 3461 1019 3520 ut
1045 3471 1130 3522 mox
1158 3454 1308 3544 patebit.

156 3565 194 3636 4.
216 3543 370 3617 Tentoria
388 3541 499 3638 regis,
524 3541 567 3616 ad
585 3555 723 3616 montem
736 3539 967 3638 decorisfiniii
982 3542 1069 3633 fixa,
1095 3549 1214 3620 necin
1232 3549 1308 3623 An·

156 3641 318 3717 tiochum
334 3639 574 3736 Epiphanem,
599 3655 640 3714 ut
658 3639 760 3736 supra
772 3635 969 3736 disputavi,
995 3647 1112 3722 necin
1129 3647 1310 3740 liupatone¹

154 3737 236 3838 post
250 3738 462 3813 nunciorum
478 3739 690 3825 adventum,
714 3761 904 3834 regemque
920 3744 1202 3837 consternatum,
1219 3769 1310 3823 con*

147 3835 332 3932 peniuntg
357 3851 465 3921 ut‘ex
481 3834 624 3916 historia
639 3837 864 4006 nemininon
878 3839 913 3916 in
934 3848 1160 3943 promtuest3
1179 3843 1308 3920 rectis»

243 3971 244 3978 κ
380 3951 384 3960 ·
600 4027 606 4036 v
656 4030 658 4038 Ι
693 3956 832 4033 vuva
1218 3943 1308 4028 fimet
