3504 4782
317 431 374 490 an
410 407 809 497 vraulclutn
844 411 1190 502 ultssltlllltlu
1257 425 1332 526 top

185 624 234 682 cx
252 621 378 700 quarto
399 629 511 708 regno
532 609 797 705 onustorum,
831 635 999 805 mer
1016 617 1123 694 &em
1145 617 1274 719 dignos
1297 615 1333 694 dt

184 708 332 780 totidem
355 727 488 782 cornua
511 709 590 784 sunt
610 709 766 804 expieta,
800 714 837 793 dc
945 719 989 804 ὀ,
1020 737 1097 792 nott
1113 717 1352 814 rnenpnort.

182 823 245 890 ce,
277 803 339 876 sed
362 809 503 899 proprie
529 809 785 907 intelligenda,
803 833 896 906 vquo
922 811 1053 888 Mesua
1067 835 1223 912 :reguum
1243 837 1333 910 pue·

180 900 336 976 cederet.
386 902 479 1002 Quae
500 906 629 982 ultimo
652 923 842 1002 tempore,
876 910 938 984 nifi
962 912 999 986 in
1023 912 1330 1010 Anubaptistarunt

180 997 214 1070 d
237 997 473 1092 fanaticorum
494 1003 617 1078 deliria
638 1004 797 1080 incidere
821 1007 931 1096 velis,
957 1001 1056 1084 nullo
1078 1011 1187 1086 modo
1207 1012 1329 1086 locum

178 1093 341 1172 habitura
359 1098 545 1174 existimari
571 1101 698 1195 potest.
748 1103 841 1178 Cum
861 1106 957 1178 enim
980 1129 1089 1203 regna
1111 1109 1187 1197 illa,
1213 1108 1250 1183 in
1272 1127 1330 1180 or·

177 1193 221 1267 be
251 1194 418 1270 Romano
444 1197 630 1294 erigenda,
663 1200 723 1272 vel
750 1203 893 1287 omnia,
924 1203 984 1274 vel
998 1205 1192 1278 maximam
1218 1206 1328 1298 longe

174 1307 343 1386 partem,
370 1309 443 1366 uno
465 1295 628 1376 alterove
654 1295 750 1370 forte
772 1296 964 1372 secundum
987 1302 1177 1374 nonnullos
1201 1321 1329 1393 excep-

173 1401 245 1476 to,
282 1389 492 1485 religionem
515 1387 743 1468 Christianam
769 1391 1035 1487 profiteantur,
1067 1398 1227 1490 adeoque
1251 1417 1327 1492 reg-

151 1505 259 1577 ,num
281 1484 409 1559 Christi
433 1507 488 1562 ma
513 1489 723 1581 'stminusve
746 1507 837 1584 pure
859 1492 1158 1586 complodantur:
1183 1515 1225 1567 ea
1248 1517 1326 1587 pro·

173 1583 248 1677 prie
272 1582 392 1674 deleri,
419 1598 461 1658 ut
511 1585 611 1660 britta·
630 1606 743 1685 regno
763 1589 883 1663 locum
909 1589 1064 1678 cedant,
1098 1593 1166 1666 dici
1194 1613 1327 1685 nequo·

155 1691 262 1776 unt,
303 1679 366 1753 nisi
387 1682 548 1778 regimen
572 1684 757 1776 politicum
781 1705 891 1762 omne
919 1689 1009 1761 velis
1033 1701 1120 1763 tunc
1149 1683 1325 1782 temporis

173 1779 414 1852 eliminatum:
439 1801 549 1872 aquo
573 1781 634 1875 ipsu
656 1783 704 1854 illi
730 1781 951 1877 Interpretes
973 1784 1162 1862 nobiscum
1184 1786 1323 1862 alienis·

168 1873 353 1955 lunisone.
403 1873 492 1974 Quae
506 1879 597 1952 ratio
611 1877 694 1970 est„
709 1901 816 1974 quare
839 1881 930 1955 banc
952 1881 1226 1960 destruoronem
1243 1905 1322 1962 non

170 1974 312 2068 proprie
336 1974 371 2046 dc
388 1972 605 2066 litteraliter,
630 1975 690 2050 sed
707 1975 843 2073 mystice
865 1979 900 2051 δι
924 1983 1066 2054 relative
1091 1981 1250 2079 respeclu
1266 1999 1320 2076 ty-

170 2069 321 2145 rannidis
351 2070 565 2168 aliarumque
597 2075 829 2168 qualitatum,
861 2095 973 2172 regno
995 2075 1123 2154 Christi
1144 2081 1320 2174 opposita·
1410 2143 1416 2154 .

169 2189 268 2256 rum,
292 2169 494 2280 explicent,
526 2187 567 2246 ut
585 2169 723 2284 necelle
743 2169 810 2247 est.
868 2171 1319 2288 Verumpropriediciam

167 2266 1318 2460 ltlllll„lll‘llllllllltlal‘llsubluit:

168 2476 230 2537 tus
254 2463 370 2556 lapidis
392 2461 430 2536 in
451 2460 627 2550 statuam3
652 2463 825 2552 hujusque
867 2463 897 2533 b.
922 2460 1006 2534 inde
1026 2477 1105 2534 orta
1126 2462 1342 2554 plenilllma·

110 2623 113 2630 .
163 2556 336 2647 abolitio,
370 2557 587 2633 &omnium
610 2557 762 2652 partium
794 2555 976 2650 diffipatio.
1035 2579 1063 2631 c.
1089 2555 1235 2656 Quartae
1257 2561 1318 2633 be-
1459 2629 1460 2633 n

164 2655 238 2732 stiae
265 2655 394 2752 partim
420 2657 644 2729 conculcatio
666 2654 700 2728 dt
721 2653 981 2751 conflagratio,
1020 2656 1145 2748 pertint
1176 2655 1317 2750 imperii

167 2754 315 2830 abolitio
350 2755 381 2826 d.
404 2752 533 2848 Judicii
555 2753 681 2829 Divini
701 2751 914 2848 descriptio,
939 2751 1036 2847 quod
1050 2773 1203 2851 regnum
1217 2755 1316 2833 Mes·

89 2870 93 2880 ·
160 2851 219 2928 fiae
245 2851 475 2948 precelleret.
532 2849 623 2951 Quae
651 2852 686 2927 u
715 2871 868 2945 quorum
891 2849 1011 2924 srmllia
1036 2850 1215 2947 propriam
1238 2873 1315 2954 reg.

161 2971 299 3027 norum
321 2946 707 3025 destructionem-haud
729 2947 880 3025 obscure
903 2946 1095 3046 deliguant

218 3051 252 3138 §.
276 3046 336 3122 xl.
367 3067 401 3139 5.
427 3045 608 3124 Necillud
622 3069 744 3142 parum
759 3045 842 3122 huic
861 3043 1045 3140 hypothest
1065 3045 1199 3137 obstat,
1216 3049 1315 3142 quod

161 3143 310 3241 imperii
330 3145 482 3220 Romani
500 3145 544 3218 ad
564 3167 675 3236 usque
697 3145 885 3242 gloriosum
906 3140 1033 3217 Christi
1055 3160 1206 3242 regnum
1221 3148 1258 3220 in
1272 3145 1314 3221 li·
1444 3209 1446 3214 ,

158 3265 213 3320 me
234 3241 431 3318 seculorum
454 3243 583 3315 anano
609 3237 797 3318 difficulter
820 3241 909 3314 cum
932 3238 1073 3314 historia
1098 3243 1135 3316 in
1161 3260 1312 3318 concor·

168 3342 257 3418 diam
281 3341 394 3440 redigi
416 3355 550 3434 queat,
582 3357 665 3412 culn
691 3337 787 3430 quod
811 3337 851 3409 in
875 3335 1209 3412 oberrassem.
1233 3337 1313 3414 fue·

164 3441 211 3515 rit
228 3463 250 3515 a
270 3438 402 3514 Turcis
429 3439 570 3534 penitus
596 3431 826 3530 exstinctum,
851 3445 928 3507 tum
954 3433 1051 3525 quod
1073 3433 1111 3508 in
1132 3433 1310 3508 Occiden-

165 3551 201 3612 te
221 3557 371 3636 regnum
390 3535 498 3612 ltalia
521 3537 558 3610 in
580 3529 780 3632 Augustulo
803 3527 1004 3605 conciderit
1023 3529 1091 3604 sec.
1113 3549 1151 3604 v.
1178 3529 1310 3605 &inde

164 3635 208 3709 ad
228 3636 408 3723 Herulus,
435 3631 705 3732 Ostrogothus,
718 3625 994 3740 Longoburdos,
1018 3623 1229 3704 &Francos
1252 3649 1310 3703 or.

163 3731 246 3808 uine
268 3731 466 3823 transierit,
490 3751 559 3805 nec
581 3729 645 3805 nifi
666 3728 942 3804 nominetenus
963 3745 1000 3800 rn
1021 3723 1152 3801 Carolo
1174 3725 1228 3802 M.
1254 3747 1309 3801 re·

164 3833 365 3919 novatum,
403 3828 544 3923 quando
572 3849 720 3926 regnum
753 3825 954 3901 Romanum
980 3823 1124 3916 maiore
1137 3823 1217 3916 jure
1239 3823 1310 3902 dici
1352 3843 1354 3846 ·

162 3929 288 4029 nequit
315 3923 550 4026 superfusis,
576 3933 687 4026 quam
709 3922 961 4006 Ondteorum
982 3941 1073 4004 -ctuu
1093 3922 1232 4012 Medis,
1272 3923 1308 3995 dt

1231 4017 1446 4114 us·
