3444 4778
300 397 304 403 ’
421 395 513 477 Δι)’”
555 395 592 478 D
639 398 674 476 A
721 395 769 480 N.
821 409 883 488 xri
935 407 1025 499 2ss
1200 417 1283 513 569⁴

122 570 211 676 stare
231 575 463 668 insinuatum,
488 599 574 656 mox
595 581 780 678 espresllus
797 585 920 672 tradit,
937 583 1069 659 additis
1084 581 1279 677 utriusque

128 679 291 756 mirabilis
305 676 405 752 istius·
418 694 568 752 eventus
583 680 799 770 rationibus,
826 683 1022 776 Propheta,
1042 679 1272 777 quisecundur

126 773 176 848 est
195 778 371 869 pericopae
393 777 581 866 articulus,
607 776 698 853 vers.
716 800 775 868 25,
793 781 848 853 26.
876 781 928 852 his
946 781 1085 868 verbis,
1113 802 1189 872 quar
1204 773 1281 872 per¹

62 937 66 948 .
127 874 290 948 versuum
315 871 573 948 distinctionem
592 897 667 949 non
690 875 887 950 debuissent
909 875 1063 970 separata
1076 875 1166 964 elfe3
1193 871 1285 972 quia'

125 975 311 1064 cogitabunt
338 984 451 1042 ¹contra
474 970 575 1065 ipsum
596 977 830 1066 cogitationes,
864 971 908 1055 ἐν’
931 979 985 1068 qui
1006 975 1178 1044 delicatam
1201 975 1271 1066 ejus

117 1064 294 1158 furtorum
315 1069 478 1138 casnedum
495 1064 599 1161 ipsum
614 1063 833 1163 confringent.
884 1068 974 1166 Quae
989 1071 1118 1156 verba,
1144 1070 1270 1160 quibus

124 1167 299 1238 rationem
329 1161 480 1237 infelicis
507 1163 642 1254 praelii,
681 1186 783 1256 quam
803 1166 841 1239 in
863 1165 1066 1256 proditione
1088 1163 1275 1240 Ptolemaei

123 1283 192 1355 per
218 1281 404 1354 proceres,
430 1260 464 1331 δι
489 1259 677 1335 familiares
698 1262 792 1354 ejus,
819 1260 1067 1358 quaesiverunt,
1093 1262 1190 1336 reddi
1209 1284 1271 1355 pu·

123 1373 244 1433 taruht
265 1359 498 1450 interpretes,
525 1380 668 1433 crucem
691 1359 769 1452 ipfrs
790 1356 966 1448 fixerunt,
998 1381 1065 1433 nec
1079 1357 1150 1435 sese
1167 1381 1272 1454 expe·

124 1457 199 1530 diro
223 1470 446 1548 potuerunt,
480 1455 543 1530 nisi
564 1456 607 1530 ad
629 1455 877 1548 conjesluras,
911 1457 1010 1531 nullo
1034 1457 1270 1532 fundamento

122 1555 244 1642 nixas,
284 1561 352 1626 nec
381 1553 600 1646 probabiles,
631 1553 895 1652 confugiend03
928 1554 1160 1629 Ptolemaeum
1183 1552 1271 1626 scili·
1363 1625 1370 1640 ,

123 1669 185 1724 cet
201 1674 220 1724 a
241 1647 306 1724 fuis
331 1648 433 1724 fuisse
447 1651 483 1724 in
499 1651 622 1746 praelio
636 1653 830 1746 proditum.
881 1650 946 1725 Cui
958 1673 1041 1726 cum
1056 1653 1142 1726 nihil
1159 1649 1268 1724 limile

121 1749 284 1822 exhibeat
301 1745 463 1834 historia,
489 1769 558 1824 nec
574 1750 828 1842 probabilitatis
841 1749 973 1842 species
989 1749 1090 1837 infit,
1113 1749 1270 1842 Porphy-

121 1846 194 1924 rius
214 1843 308 1939 apud
332 1845 594 1938 Hieronymum
617 1845 660 1920 ad
678 1845 788 1941 ipsum
805 1847 1051 1936 Antiochum,
1076 1847 1269 1921 Ptolemaeo

121 1941 183 2018 sub
202 1942 316 2036 specie
339 1943 523 2033 amicitia,
557 1942 741 2037 &panem
759 1965 840 2018 cunt
858 1945 1105 2033 coedentem,
1131 1943 1269 2037 imposi-

122 2054 262 2128 turum,
281 2061 462 2136 regnoque
478 2063 560 2114 eum
575 2042 795 2133 privaturum
806 2092 818 2132 ,
828 2043 957 2115 oculos
973 2041 1113 2114 deflere
1128 2040 1270 2116 coassus

119 2137 210 2214 fuit:
239 2137 316 2210 satis
332 2136 471 2225 coasle,
497 2159 564 2210 nec
579 2138 776 2228 phrasrbus,
797 2158 865 2210 nec
878 2136 979 2211 seriei
994 2139 1166 2213 orationis
1184 2159 1269 2210 con·
1295 2135 1297 2140 ’

120 2249 311 2330 gruenter:
346 2235 398 2304 uti
417 2231 522 2302 facile
545 2234 714 2306 cernitur.
771 2232 829 2304 De
850 2232 1030 2324 utriusque
1054 2235 1168 2328 regis,
1195 2235 1271 2304 An·

119 2328 235 2404 tiochi
254 2326 287 2399 dt
308 2327 519 2412 Ptolemaei,
558 2325 783 2401 fraudulenta
802 2327 1120 2400 confoederatione
1146 2325 1269 2420 postea

121 2427 266 2502 demum
278 2424 417 2521 agitutt
439 2420 640 2497 Antiochus
655 2443 798 2516 quoque
813 2423 972 2496 comedens
987 2427 1090 2496 cilum
1104 2421 1289 2496 Ptolemae·

120 2525 216 2612 diei,
242 2537 302 2596 aut
324 2518 365 2594 iis
386 2515 629 2606 adnumerari,
661 2519 796 2615 nequit.
848 2519 979 2596 Ansam
998 2523 1127 2596 erroris
1145 2519 1268 2614 suppe-

120 2619 281 2707 ditavit,
300 2618 335 2690 ἃ
355 2617 393 2690 in
415 2615 641 2692 difficultates
656 2617 835 2710 coniecit,
873 2617 969 2712 quod
991 2624 1170 2707 rationem,
1196 2639 1270 2692 non

117 2713 277 2794 infaustae
300 2737 446 2811 pugnae,
472 2713 531 2788 fed
552 2711 651 2810 arniffl
673 2715 794 2812 regni,
820 2713 1076 2807 seustatt'onr'sa
1093 2736 1176 2814 rege
1191 2735 1267 2790 non

118 2814 336 2901 observat&
361 2815 456 2906 quod
479 2835 542 2886 non
558 2809 651 2904 stare
675 2813 763 2887 dixit
779 2813 982 2908 propheta,
1013 2813 1066 2886 uti
1084 2815 1193 2887 modo
1210 2833 1271 2884 ex·

118 2913 247 3010 posui,
275 2912 331 2983 hic
357 2910 450 2997 dari,
475 2932 551 3001 pon
571 2908 850 2999 animadversum
877 2910 930 2985 stt.
988 2909 1041 2984 Ex
1065 2909 1183 2984 nostra
1206 2909 1269 3002 hy·

118 3008 255 3106 pothesi
278 3005 402 3083 cundia
426 3006 506 3082 funt
525 3004 663 3094 facilia,
696 3008 835 3101 &apte
856 3010 1061 3098 coherent,
1087 3007 1267 3099 historiae,

120 3109 154 3184 dc
178 3107 295 3182 ordini
318 3102 510 3195 fabiorum,
542 3105 699 3199 adprime
722 3126 893 3201 congrua.
913 3133 917 3138 ·
942 3103 1051 3204 Quod
1073 3108 1190 3200 paucis
1208 3125 1268 3178 err·

27 3233 30 3241 ·
143 3207 285 3281 lanabo.
654 3267 656 3276 ι

118 3229 142 3301 p
166 3310 203 3397 §.
218 3297 394 3374 CXXVII.
421 3297 651 3374 Ptolcmaeum
673 3301 968 3386 Philometorem,
1003 3301 1164 3374 exercitu
1187 3322 1270 3394 pro·

117 3400 249 3488 strat0,
278 3395 408 3492 duplici
436 3394 536 3468 sensu
556 3418 619 3468 non
636 3393 760 3494 stetzffe
781 3395 987 3486 observavi,
1021 3399 1141 3485 altero,
1173 3396 1270 3488 quod

118 3497 191 3574 sese
215 3495 400 3572 Antiocho
423 3491 618 3579 dediderit,
649 3500 771 3584 altaro,
804 3493 899 3587 quod
922 3514 1033 3589 regno
1056 3496 1099 3567 ab
1119 3494 1271 3566 Alexan·

23 3601 24 3606 ’
118 3595 228 3670 drinis
242 3592 353 3666 fuerit
369 3591 541 3685 privatus.
590 3589 698 3690 Quod
715 3610 903 3685 utrumque
919 3591 977 3663 hic
993 3612 1072 3663 curn
1088 3593 1270 3663 rationibus

120 3693 189 3768 suis
212 3691 416 3785 explicatius
440 3687 600 3762 traditur.
656 3689 764 3789 Quod
787 3688 830 3762 ad
841 3695 936 3785 prius
951 3689 1106 3778 adtinet,
1133 3688 1204 3762 five
1219 3686 1268 3784 ig.

119 3785 354 3866 nominiosarn
377 3785 426 3862 sui
447 3785 698 3878 traditionem
731 3789 804 3878 ejus
828 3785 918 3865 ratio
939 3784 1084 3860 &causa
1099 3787 1134 3860 in
1151 3785 1268 3879 pravis
1333 3841 1343 3854 a
1437 3795 1460 3812 ²

120 3907 250 3976 eorum
271 3882 421 3966 confiliis
443 3883 478 3960 ἃ
497 3883 833 4062 machinaticonibus,
861 3885 921 3983 qui
943 3883 1145 3964 educationi
1165 3885 1240 3980 ejus
1234 3933 1271 4060 δὲ
1347 3931 1353 3946 s

148 4003 152 4018 '
696 4003 782 4077 ccc
1053 4007 1054 4012 Ν
1112 4055 1121 4070 ,
