3518 4748
418 391 463 486 ss
580 373 1401 502 assatura-tronus

420 587 670 683 contigerunt,
701 583 849 661 constat.
911 583 1059 660 Tertium
1080 587 1116 660 in
1138 585 1253 682 primo
1276 587 1431 658 tubicinis
1453 581 1576 678 Αροο.Ι

421 694 503 760 viu.
529 705 671 776 quaero,
696 683 792 778 quod
811 705 856 756 cx
870 705 948 758 rnea
961 687 1130 778 opinione
1145 683 1304 758 omnium
1320 677 1579 756 illustrillimunt

420 783 492 858 Dei
509 782 679 872 judicium
702 780 737 854 in
758 780 917 874 Judaeos,
957 783 1054 876 cujus
1078 779 1329 876 prior'epocha
1349 775 1456 870 ipsam
1477 777 1576 869 Apo-

378 925 380 930 ,
423 875 579 972 calypsrn
600 877 788 972 praecedit,
821 883 868 953 ob
890 880 1015 953 oculos
1035 879 1156 972 ponit:
1190 877 1233 952 de
1255 899 1325 972 quo
1348 875 1475 964 etiam,
1516 871 1579 948 ubl

422 973 576 1048 Perludos
597 975 642 1049 V.
659 975 756 1050 &N.
771 977 817 1050 T.
839 998 1033 1074 exponam,
1058 977 1151 1048 alias.

472 1077 505 1164 §.
518 1071 613 1147 XVI.
644 1095 676 1148 a.
694 1070 870 1162 Rationes,
897 1095 981 1167 quae,
996 1073 1084 1146 hanc
1099 1071 1305 1168 opinionem
1320 1075 1364 1144 ab
1378 1075 1477 1146 omni
1493 1065 1582 1144 diffi-

420 1169 553 1244 cultate
577 1170 748 1259 liberant,
773 1170 856 1244 duas
876 1171 1010 1246 habeo:
1037 1191 1184 1263 quarum
1205 1199 1239 1244 e.
1254 1171 1364 1242 altera
1383 1165 1435 1241 est
1471 1191 1585 1241 enera-

367 1297 370 1304 ’
421 1269 486 1354 iis,
517 1267 553 1338 in
574 1284 718 1360 recepta
740 1267 995 1361 interpretandi
1015 1271 1136 1364 regula
1159 1266 1326 1356 fundata3
1358 1287 1435 1358 que
1447 1191 1584 1354 {labem

423 1362 467 1434 de
497 1367 638 1436 mullus
668 1363 750 1452 quid
772 1363 1019 1451 pronunciari,
1060 1361 1175 1452 quod,
1207 1385 1300 1450 uno,
1339 1363 1497 1436 alterove
1524 1382 1585 1434 ex-

422 1476 552 1548 cepto,
577 1459 617 1525 iis
639 1457 831 1527 convenit:
857 1472 896 1526 ut
917 1477 998 1528 cum
1021 1476 1088 1526 txx
1112 1457 1235 1528 animae
1251 1457 1288 1528 in
1303 1457 1507 1554 Aegyptum
1523 1478 1586 1529 ve·

425 1551 513 1626 nille
535 1549 715 1635 dicantur,
740 1549 826 1622 licet
846 1549 1020 1644 Josephus
1042 1548 1070 1622 F
1071 1551 1211 1644 iiiique,
1237 1551 1376 1628 adeum
1389 1574 1582 1630 numerum

422 1646 673 1758 pertinentes,
697 1645 745 1718 ibi
768 1644 899 1720 effent:
935 1647 1034 1734 quus
1055 1647 1160 1738 plunt
1176 1644 1256 1717 liant
1276 1647 1453 1739 exempla,
1485 1669 1586 1741 quae,

423 1763 462 1818 tn
483 1765 521 1814 re
543 1757 646 1829 nota,
680 1755 863 1833 praetereo.
914 1741 1079 1816 Eundem
1098 1741 1134 1816 in
1156 1742 1302 1818 modum
1323 1757 1461 1838 quatuor
1482 1765 1586 1842 regna

424 1841 591 1916 dicuntur
599 1840 744 1930 future,
769 1838 850 1930 quia
871 1845 938 1912 tria
952 1835 1074 1932 postea
1088 1837 1348 1914 suscitarentur.
1398 1845 1435 1928 β.
1460 1840 1585 1917 Altera

423 1936 476 2010 est
481 1937 657 2032 specialis,
672 1955 716 2009 ert
731 1947 853 2006 nature
869 1935 1003 2032 &serpo
1018 1933 1243 2030 vili,'sponte
1259 1934 1317 2010 sua
1329 1935 1399 2010 sese
1412 1936 1583 2014 offerens.

424 2031 546 2128 Scopas
567 2029 636 2121 est,
661 2051 770 2127 regna
789 2035 838 2106 ob
858 2033 984 2106 oculos
1006 2053 1161 2126 ponere,
1188 2055 1265 2127 quae
1291 2055 1438 2134 regnum
1459 2037 1529 2110 Dei
1544 2036 1583 2112 in

424 2144 522 2206 terra
543 2127 796 2222 praeoederent.
847 2127 934 2204 Haec
951 2153 1033 2205 curn
1050 2149 1201 2225 quatuor
1217 2129 1285 2206 lint
1303 2131 1340 2206 in
1354 2133 1580 2222 universum3

423 2227 582 2324 Angelus
603 2227 638 2300 in
659 2243 789 2324 genere
802 2225 947 2316 adserit,
973 2243 1111 2325 quatuor
1124 2249 1213 2326 reges
1225 2229 1263 2303 in
1278 2244 1366 2303 terra
1379 2232 1582 2326 prodituros,

424 2339 597 2421 antequam
622 2345 757 2417 regnum
779 2325 1005 2418 adipiscantur
1015 2325 1135 2420 sanni.
1157 2326 1245 2400 vers.
1267 2347 1320 2422 17.
1334 2330 1463 2424 absque
1480 2345 1520 2403 ut
1533 2326 1582 2399 di·

420 2435 503 2512 cat,
516 2420 572 2494 ad
592 2441 702 2494 unum
726 2441 850 2494 omnes
871 2420 1104 2516 inposterum
1118 2421 1188 2496 elie
1202 2423 1370 2498 orituros.
1421 2425 1530 2522 Quod
1544 2439 1585 2500 ut

421 2519 589 2595 uberiore
610 2517 691 2586 luce
711 2515 883 2604 donetur,
923 2520 1040 2593 notari
1062 2520 1189 2607 veiim,
1216 2537 1291 2591 non
1312 2519 1381 2589 dici
1405 2517 1584 2609 absolute,

422 2627 563 2711 quatur
575 2607 639 2703 sur
662 2621 717 2680 ent
735 2631 845 2704 reges,
885 2607 963 2701 sed,
995 2615 1103 2686 relate
1130 2615 1174 2684 acl
1196 2629 1344 2706 reguum
1366 2610 1584 2703 santionnn,

423 2721 563 2804 quatuor
589 2633 760 2803 exfurgent
788 2731 903 2802 reges,
941 2710 975 2783 δι
984 2707 1093 2805 senili
1115 2703 1341 2802 consequentur
1359 2730 1514 2802 regumn,
1544 2713 1582 2796 id

425 2803 497 2891 est,
523 2817 673 2897 quatuor
694 2823 791 2902 reges
811 2809 1004 2899 praeibunt,
1030 2807 1082 2895 &,'
1108 2817 1269 2898 quartum
1284 2826 1366 2880 cum
1380 2804 1489 2881 fuerit
1505 2827 1580 2908 reg-

425 2921 531 2990 num,
548 2899 657 2998 seruili
679 2904 887 2998 regnabunt.
937 2901 1045 3004 Quod
1061 2923 1151 2976 vero
1166 2901 1209 2974 ad
1222 2915 1377 2996 naturam
1392 2893 1578 2986 emblema-

425 2999 471 3073 tis
491 2999 647 3088 adtinet,
674 3019 716 3071 ex
738 2997 974 3093 superionuus
989 3001 1095 3074 velim
1109 2999 1246 3101 repeti,
1266 3000 1418 3096 primum
1432 3021 1580 3100 regnum

424 3096 483 3168 luc
502 3119 575 3171 non
597 3113 688 3183 tam,
713 3112 753 3171 ut
773 3099 809 3170 in
829 3098 1006 3194 principio
1030 3096 1119 3187 fuit,
1146 3119 1249 3188 quam
1272 3113 1312 3172 ut
1331 3099 1456 3194 partim
1482 3119 1580 3191 erat,-

422 3195 552 3287 partim
575 3193 692 3279 foret,
717 3194 754 3268 in
774 3195 913 3271 scenam
935 3193 1097 3287 produci.
1146 3193 1240 3269 Hinc
1262 3195 1346 3272 dicit
1368 3195 1516 3280 Daniel,
1543 3196 1579 3268 se

423 3287 593 3379 Lernen,
613 3294 698 3363 'aas
766 3297 882 3367 allisis
908 3289 1117 3386 instruimur,
1154 3307 1196 3368 ut
1224 3291 1418 3388 aliquandiu
1441 3287 1579 3379 fuerat,

424 3387 544 3463 vidille
563 3392 630 3462 elis
652 3313 776 3481 anuas
796 3387 943 3466 stantem
966 3415 1037 3464 curn
1062 3391 1150 3463 corde
1170 3391 1327 3471 hominis,
1352 3383 1459 3476 qualis
1479 3407 1580 3462 nune

422 3502 520 3574 erat,
545 3481 705 3658 &moffis
727 3483 840 3564 fieret.
888 3489 1023 3565 Differt
1045 3489 1161 3580 itaque
1183 3507 1203 3556 a
1224 3486 1326 3574 capite
1339 3503 1435 3556 aureo
1459 3483 1580 3560 colom

674 3633 686 3672 ²

424 3581 463 3654 in
480 3603 547 3668 eo,
572 3603 619 3674 qu
712 3605 794 3661 cum
814 3607 962 3684 regnum
978 3583 1230 3675 Babylonicum
1245 3578 1293 3650 ibi
1307 3579 1342 3653 in
1358 3577 1494 3655 summo
1511 3581 1578 3656 iio-

424 3695 463 3751 re
484 3677 519 3748 ἀ
539 3677 661 3774 vigore
683 3684 911 3778 expingamr,
936 3681 992 3752 cni
1017 3676 1112 3770 Leo,
1136 3679 1195 3750 alis
1216 3675 1374 3772 aquilinis
1389 3677 1575 3768 preditus,

422 3773 632 3873 respondet,
655 3775 714 3850 hic
735 3775 830 3857 idem
848 3776 936 3852 illud
948 3797 1096 3876 regnum
1116 3769 1257 3874 instato
1270 3773 1423 3882 inglorio
1438 3773 1576 3876 &intir-

1306 3895 1574 3952 ·.mo
