3456 4784
401 447 465 504 au
536 425 572 500 D
620 393 655 501 Ᾱ
703 423 752 502 Ν.
828 447 892 504 xr.
943 445 1030 523 7-·9.
1217 451 1289 527 top

140 615 247 686 verba
268 609 309 684 ad
332 609 431 682 iilum
451 631 490 682 ttt
515 610 647 682 lectibus
669 611 738 706 ejas
760 610 831 684 stne
855 609 964 686 dubio
987 611 1172 686 referenda
1188 611 1288 698 sunt,
1342 643 1345 650 ¹

53 735 56 741 ’
137 732 220 784 curn
246 709 340 802 quod
364 729 443 780 curn
466 729 511 780 eo
525 729 588 800 per·
613 707 656 790 ἐξ
671 708 928 783 connectantur
944 731 984 782 ae
1001 713 1160 801 proxime
1177 710 1292 782 cohae·

138 824 238 880 reant
254 857 265 894 ,
283 825 368 878 tum
390 805 506 897 quod,
533 807 648 879 verbo
671 805 844 900 invalescet
873 811 910 880 in
932 809 1104 900 principio
1135 807 1224 880 vers.
1246 807 1290 879 de

132 903 213 978 bolo
237 926 319 1000 rege
344 901 461 976 Austri
485 901 663 990 adhibito,
688 925 756 975 nec
773 905 928 996 repetito
946 905 980 978 dt
995 903 1087 976 Doti
1102 903 1289 998 adplicito,

134 1001 283 1094 sequens
315 1001 401 1073 illud
431 999 634 1090 invalescet,
675 1001 716 1070 ad
742 1000 881 1074 Ducem
910 999 1160 1089 referendum,
1193 999 1291 1073 defe-

134 1098 232 1172 dium
249 1101 346 1171 illum
369 1097 537 1188 suppleat.
582 1095 749 1188 ·Emphast
772 1119 860 1168 vero
881 1119 956 1171 non
979 1113 1075 1170 caret
1095 1097 1223 1190 phtalis
1242 1103 1292 1170 ln·

133 1193 276 1290 molestet
291 1193 458 1288 rhysapra
473 1189 515 1274 [ἐ
532 1205 644 1262 contra
659 1190 864 1286 ipsum,imo
875 1194 915 1265 ·&
924 1195 1026 1289 juxta
1039 1193 1170 1286 ipsum:
1187 1215 1292 1288 quam

139 1291 258 1366 sensus
285 1291 551 1384 amplitudinem
575 1289 682 1360 habet
703 1290 916 1374 vocula‘rp,
943 1311 1019 1380 quae
1042 1292 1099 1364 hie
1122 1289 1216 1362 recte
1234 1290 1292 1362 ad·

139 1391 313 1477 mittitur,
340 1387 481 1460 historia
505 1381 751 1462 confirmante.
810 1385 979 1460 Condidit
997 1388 1096 1462 enim
1118 1389 1292 1470 Seleucus

139 1485 291 1560 Nicator
322 1506 470 1581 regnum
498 1483 905 1574 Syro-Macedonicum,
952 1505 1063 1582 regno
1085 1484 1293 1582 Lagidarum

139 1583 320 1668 vicinum,
346 1604 413 1656 nec
434 1582 584 1655 multum
606 1579 704 1672 post,
731 1583 861 1673 aequale
883 1603 1023 1674 quoque
1043 1605 1117 1658 non
1132 1597 1291 1671 tanturn,

140 1679 247 1754 sed&
264 1681 467 1766 latitudine,
492 1679 652 1771 potentia
666 1679 701 1751 dc
715 1679 862 1772 opibus,
880 1680 1010 1770 maius,
1029 1682 1126 1771 cuius
1141 1702 1227 1754 mox
1242 1680 1292 1772 ip·

139 1776 175 1851 se
201 1779 356 1872 Angelus
375 1775 554 1862 meminit,
581 1782 702 1870 eatque
719 1778 893 1848 danielum
909 1777 977 1868 ejus
991 1781 1133 1871 amplam
1150 1777 1290 1866 dicent,

12 1899 13 1926 ³
134 1875 293 1967 denique
308 1873 503 1946 amolum&
521 1873 764 1962 adversarium,
787 1873 840 1948 uti
854 1871 976 1965 postea
989 1874 1170 1967 adparuit,
1185 1897 1292 1968 quan·

12 1973 13 1984 ’
142 1973 189 2044 do
211 1972 247 2045 in
273 1993 404 2046 nervos
428 1965 564 2063 erupit,
592 1970 687 2061 quod
708 1985 871 2062 tempore
895 1971 1032 2046 Seleuci
1059 1970 1238 2046 Nicatoris
1253 1973 1292 2044 in

12 2073 13 2160 i
134 2083 246 2162 partu
266 2069 346 2142 fuit.
395 2067 557 2164 Regnum
583 2067 844 2155 Seleucldrtrum,
869 2089 942 2142 non
959 2069 1208 2160 hyperbolice,
1233 2068 1293 2142 sed

12 2197 13 2204 ἒ
142 2165 261 2240 exedre
283 2167 316 2237 dt
338 2187 384 2238 ex
411 2175 501 2236 vero
527 2167 583 2238 hic
604 2165 765 2260 depingi,
800 2163 1039 2249 demonstratu
1066 2189 1110 2238 ex
1138 2159 1293 2240 Historia

12 2301 20 2366 ³,
140 2287 217 2340 non
240 2261 292 2334 est
306 2259 465 2349 difficile3
492 2261 534 2331 de
550 2283 620 2352 quo
635 2259 868 2333 alibiafusrus
883 2259 1034 2332 disserui.

191 2364 221 2449 §.
247 2358 296 2434 V.
320 2357 513 2450 Utriusque
536 2357 635 2450 regni
658 2356 774 2430 aemuli
796 2355 1067 2449 &potentiihmi
1083 2355 1291 2432 fundatione

13 2509 14 2514 ,
140 2470 301 2542 narrata,
327 2456 369 2537 ad
396 2471 533 2528 mutuas
555 2454 860 2541 concertationes,
885 2455 921 2526 in
942 2455 1062 2546 primis
1081 2455 1124 2526 de
1143 2455 1293 2546 Coelely.

13 2597 15 2626 .
134 2555 237 2628 tia&
263 2551 462 2634 ratetum,
488 2571 576 2644 quae
602 2549 730 2624 variam
752 2549 968 2642 Judaeorunr
991 2550 1120 2625 sortem
1142 2571 1290 2646 pepere-

141 2667 243 2738 runt,
280 2649 481 2722 transiturus
506 2647 707 2740 Propheta,
734 2669 854 2722 earum
879 2648 1054 2744 originem
1079 2650 1114 2721 in
1137 2649 1232 2724 fatali
1253 2647 1293 2722 fi·

141 2749 204 2820 liae
230 2748 424 2822 Ptolemaei
453 2745 665 2836 Philadelphi
691 2743 882 2832 Berenices,
909 2745 943 2818 dc
971 2746 1128 2819 Antiochi
1147 2747 1215 2820 Dei
1239 2769 1293 2822 re·

14 2859 16 2910 l
142 2847 191 2941 gis
213 2845 356 2938 Syriae,
387 2844 575 2938 conjttgio,
608 2841 702 2934 pacis
728 2841 814 2914 licet
842 2841 1033 2917 firmandae
1057 2843 1156 2917 caula
1177 2843 1292 2928 inito,

14 2937 15 2962 ³
135 2943 406 3033 quaerendam,
432 2962 534 3032 quam
560 2937 725 3032 aptissime
746 2943 963 3032 praemittit,
996 2940 1085 3017 vers.
1106 2945 1139 3015 6.
1163 2941 1213 3014 Et
1227 2941 1292 3036 sulr

135 3035 235 3131 finem
255 3063 413 3112 annorum
427 3035 539 3130 setam
561 3035 811 3130 orflasocletcle
824 3038 1030 3132 jungentem·
1056 3038 1099 3122 ἐξ
1110 3035 1190 3132 filia
1206 3044 1294 3134 regis

14 3127 15 3176 t
134 3134 259 3229 ,Austri
284 3141 393 3208 ueniet
418 3138 458 3206 od
472 3159 576 3228 regem
592 3135 767 3227 Aqtcllotcls
781 3131 1043 3228 adperficc'endos
1066 3138 1294 3208 reililttdt'rrts:

14 3239 16 3308 ἶ
133 3230 189 3325 sed
210 3259 274 3306 non
290 3232 435 3326 stringet
460 3235 520 3300 illc
540 3236 629 3301 viret
651 3232 793 3318 brachii,
817 3253 874 3302 rtet
883 3229 988 3320 stabit
1005 3229 1068 3324 ipsc
1083 3233 1210 3327 ejusque
1223 3236 1296 3304 bra·

140 3334 257 3406 rbitror.
308 3329 356 3400 Et
382 3329 529 3408 tradetur
551 3323 619 3421 ipsc
644 3347 715 3396 curn
735 3330 892 3397 concitatu
906 3327 974 3418 ejus
993 3327 1035 3408 δ’
1050 3330 1229 3422 natoejus,
1253 3341 1293 3399 ut

15 3447 16 3522 T
140 3425 183 3508 ὃ
206 3429 309 3514 illud,
336 3427 417 3522 qood
443 3423 542 3518 ipsam
569 3425 762 3516 temporibus
786 3425 1017 3496 corroborabat.
1066 3422 1168 3520 Quae
1184 3425 1294 3496 verba

15 3525 17 3608 l
114 3521 210 3620 ,huc
230 3525 347 3597 redire
370 3519 541 3606 existimo.
592 3523 707 3614 lieges
730 3518 1135 3610 Aquilontstthustrt,
1161 3519 1290 3593 liveut

139 3621 272 3696 bellum
297 3619 443 3706 finiant,
477 3618 548 3690 five
572 3633 610 3690 ut
632 3617 717 3688 illud
738 3617 988 3710 praeveniant,
1015 3615 1211 3690 &artiiore
1226 3614 1290 3690 sta·

16 3727 18 3798 l
139 3717 335 3811 bilioreque
359 3717 510 3790 amicitia
531 3715 764 3808 copulentur,
797 3712 1002 3790 societatem
1025 3710 1187 3802 inibunt,
1210 3713 1290 3788 loe-

141 3811 271 3909 dusque
291 3831 466 3913 pangent3
492 3814 528 3888 in
547 3814 645 3907 cujus
668 3809 976 3986 colpfifrfmationem
989 3809 1075 3888 Filia
1089 3811 1196 3911 Regis
1211 3813 1288 3988 ιῗὶιις

710 3959 713 3970 1
852 3949 856 3954 ·
1222 3953 1225 3960 ·
1256 3932 1287 3986 rr

166 4053 194 4095 o
209 4035 323 4098 Disiv.
350 4033 477 4098 adom
