3502 4758
354 285 399 380 aa
512 269 1345 356 ortsnnrnrronns
1491 269 1496 274 ·
1634 353 1642 368 ,

412 477 445 566 §.
460 469 536 549 LII.
562 471 602 549 In
626 473 739 550 altero
755 471 993 561 emblemate,
1020 471 1137 565 quod,
1163 466 1440 565 explicituhaud
1457 461 1526 543 dis·

361 571 475 664 deire,
511 591 625 647 mores
647 593 720 646 non
746 571 897 663 injiciet,
935 571 1093 645 occurrit
1121 566 1244 666 Ursus,
1269 567 1313 640 ad
1333 572 1420 640 tatus
1438 565 1531 642 stant

280 747 297 772 .
363 689 447 746 cum
469 673 573 744 tribas
594 669 700 766 offlim
715 670 752 744 in
769 692 853 756 ore,
880 669 916 742 in
934 669 1068 766 srgnum
1083 669 1200 743 multe
1216 666 1327 740 carnis
1348 665 1529 740 absumta.
1549 726 1553 735 .

369 792 401 846 1.
428 767 559 857 Ursus,
587 767 668 843 fiad
683 765 952 842 caratteristicas
970 771 1045 861 ejus
1064 767 1232 840 adtendas
1247 765 1450 858 qualitates,
1477 784 1531 837 re·

365 868 467 962 liquis
490 865 611 957 missis,
642 866 693 940 est
717 865 793 940 sera
816 867 1028 964 tardigrada,
1038 863 1138 1035 (aaa
1168 863 1200 937 dt
1224 887 1350 951 vorat‚·
1383 883 1532 956 quarum

366 966 424 1039 hic
470 967 623 1058 recipue
644 964 956 1040 rationemhaberi
971 964 1039 1036 exis
1056 965 1175 1042 imem.
1225 961 1288 1034 Est
1301 961 1444 1054 quidem
1460 961 1529 1036 ani·

365 1085 423 1138 me
457 1060 617 1156 hirsutam
633 1063 668 1136 dr
685 1079 863 1152 comatum,
890 1061 969 1151 sed,
995 1061 1079 1135 lieet
1094 1062 1163 1135 hoc
1177 1059 1306 1158 negligi
1320 1060 1453 1147 nolim,
1474 1079 1533 1153 pe-

367 1159 448 1235 dem
471 1163 647 1234 tamenin
671 1181 736 1249 eo,
763 1159 1058 1254 utpotelevioris
1071 1158 1268 1247 momenti,
1292 1179 1367 1232 non
1382 1153 1534 1232 fixerim.

367 1256 477 1357 Quod
498 1278 587 1330 vero
611 1256 714 1351 plane
737 1279 810 1332 non
826 1256 1006 1350 spernam,
1032 1277 1106 1330 non
1125 1269 1199 1332 tam
1215 1279 1352 1347 namen,
1376 1275 1447 1349 quo
1465 1255 1535 1330 He·

368 1357 469 1431 braeis
485 1355 605 1440 venit,
630 1377 736 1452 quarn
758 1355 853 1448 quod
879 1351 1025 1451 ursorum
1040 1355 1148 1452 magis
1164 1376 1268 1447 quam
1284 1355 1427 1429 aliarum
1446 1352 1535 1426 fera·

370 1473 451 1528 rum
473 1454 658 1544 proprium
680 1452 741 1543 stt,
759 1451 866 1526 iacit.
917 1453 1069 1527 Derivat
1086 1452 1227 1548 quidem
1249 1449 1315 1526 Vir
1327 1452 1363 1526 in
1379 1444 1431 1523 his
1445 1452 1539 1524 litte-

371 1549 418 1622 ris
436 1547 700 1639 versatiffimus,
735 1547 788 1624 Cl.
814 1549 978 1625 Bochart.
996 1549 1042 1624 H.
1060 1573 1094 1646 p.
1116 1572 1143 1622 1.
1161 1551 1184 1623 1.
1205 1569 1283 1623 111.
1307 1571 1338 1620 c.
1352 1569 1387 1639 9.
1403 1569 1538 1622 nornen

375 1672 413 1723 aa
437 1669 457 1720 a
478 1645 594 1720 radice
617 1674 701 1737 aaa,
728 1669 804 1740 quae
819 1648 992 1723 Arabibas
1005 1648 1114 1746 fignat
1128 1643 1262 1742 pilosam
1276 1639 1541 1737 haierefaciem,

375 1744 411 1818 δι
426 1765 471 1818 ex
485 1743 552 1820 urst
568 1743 755 1840 epithetis,
781 1747 876 1841 apud
888 1745 1183 1836 Poetasaliosque
1198 1744 1337 1831 obviis,
1358 1763 1460 1816 more
1477 1741 1543 1818 suo

375 1841 479 1915 done
494 1841 658 1936 illustrat:
687 1843 747 1917 sed
760 1843 854 1919 illam
871 1841 1161 1942 fignificationem
1180 1863 1246 1937 pro
1262 1837 1454 1934 praedaria
1470 1841 1539 1915 esse

352 2001 358 2010 .
376 1939 597 2034 habendam„
623 1943 668 2014 ab
683 1937 755 2035 arsa
770 1955 906 2027 ortam,
932 1959 965 2034 q.
981 1941 1014 2014 d.
1030 1941 1191 2037 hirsutum
1207 1939 1241 2010 dc
1255 1935 1424 2030 orfitum,
1449 1939 1541 2013 Viro

376 2036 414 2110 in
436 2036 489 2109 his
512 2035 631 2111 studiis
654 2038 780 2128 majori
804 2036 858 2111 Cl.
881 2039 1067 2112 Schultens
1090 2037 1126 2110 in
1148 2035 1248 2108 Clavi
1272 2058 1307 2128 p.
1325 2057 1407 2109 202.
1423 2038 1540 2131 potius

379 2132 647 2210 adcrediderim.
696 2131 758 2208 Est
779 2152 921 2227 tamen,
946 2133 1104 2228 soletque
1124 2135 1170 2206 ab
1183 2155 1229 2206 eo
1243 2130 1360 2228 pa‘ssim
1375 2133 1540 2223 describi,

316 2313 322 2326 ,
377 2231 506 2306 animai
528 2230 689 2328 hirsutum
714 2232 749 2306 a
771 2231 945 2324 villosam
976 2253 1045 2306 nec
1069 2253 1089 2306 a
1111 2231 1248 2320 Medis,
1281 2229 1540 2326 Medorumque

377 2329 715 2428 regibus-alienum.
765 2328 887 2430 Quare
909 2329 1040 2404 Medus
1062 2330 1191 2404 dicitur
1211 2330 1247 2403 in
1266 2328 1544 2424 AEschyliepita·

380 2429 465 2525 phio
486 2429 579 2524 apud
601 2429 814 2504 Athenaeum
839 2428 1058 2524 βωθυχαιτιίας
1076 2451 1162 2502 cama
1174 2424 1342 2523 profunda
1356 2427 1544 2520 preditus,

381 2525 575 2614 &Persas,
607 2547 709 2598 more
732 2545 752 2596 a
773 2525 890 2598 Medis
912 2525 1040 2614 dudio,
1075 2525 1211 2621 ‚apim
1236 2531 1369 2598 triaiios
1390 2523 1544 2618 adpellat

383 2623 570 2695 oraculum
592 2621 685 2712 apud
706 2620 952 2710 Herodotum3
979 2637 1021 2694 ut
1041 2620 1094 2696 Cl.
1118 2621 1296 2698 Bocharto
1310 2623 1335 2696 l.
1351 2641 1382 2696 c.
1395 2622 1466 2714 iam
1480 2623 1544 2697 obi

383 2717 560 2793 servatum
583 2715 644 2790 est.
691 2715 895 2810 Xenophon
914 2739 1005 2793 vero
1018 2753 1046 2794 κ.
1069 2750 1105 2794 π.
1121 2719 1144 2794 l.
1167 2741 1196 2794 r.
1213 2742 1247 2814 p.
1266 2725 1297 2797 8.
1311 2718 1404 2815 quod
1418 2721 1454 2795 in
1468 2739 1546 2795 rem

302 2811 311 2826 '
385 2813 541 2889 nostram
564 2811 635 2901 est,
668 2813 762 2889 inter
779 2815 824 2887 rai
837 2815 955 2913 νόμιμα
969 2825 996 2889 o
1013 2819 1129 2902 midan
1142 2816 1255 2892 Medis
1270 2817 1328 2917 usa
1342 2833 1471 2918 recepta
1492 2839 1547 2892 re·

385 2912 459 2988 fert
479 2910 576 3008 adparat
592 2914 749 3008 irpaaiiraa
762 2935 864 2986 comas
880 2914 1073 3010 adstitisset.

435 3014 467 3100 §.
483 3009 574 3083 Lsil.
602 3009 859 3116 Contineamas
873 3013 989 3106 itaque
1006 3035 1073 3089 nos
1087 3014 1179 3092 intra
1194 3021 1416 3115 qualitatum,
1441 3015 1550 3092 modo

388 3124 682 3197 memoratarum,
722 3109 871 3204 limites,
898 3131 1031 3206 easque
1060 3113 1103 3188 ad
1131 3114 1276 3211 scopum
1303 3114 1553 3190 adcommode·

388 3227 481 3282 mus.
523 3228 553 3281 1.
569 3205 704 3304 Prima,
731 3208 788 3282 cui
811 3207 868 3283 hic
883 3210 1082 3306 principem
1097 3213 1239 3312 adfigno
1252 3214 1393 3303 locum,
1420 3210 1469 3285 est
1486 3207 1557 3282 tar?

141 3370 147 3380 .
246 3311 247 3314 '
391 3307 452 3381 das
475 3305 550 3400 ejus
572 3303 739 3381 incessas:
766 3308 846 3401 quia
867 3329 1019 3398 nomen,
1046 3334 1119 3405 quo
1139 3313 1233 3407 apud
1247 3309 1416 3384 Hebraeos
1431 3309 1555 3399 venit,

316 3449 320 3458 ·
390 3406 472 3481 inde
496 3403 736 3481 arcessendum
757 3403 828 3480 eise
850 3405 903 3482 G.
917 3409 1103 3484 Schultens
1117 3433 1175 3485 me
1191 3411 1213 3480 l.
1229 3429 1260 3480 c.
1277 3407 1421 3484 docuit:
1448 3427 1555 3501 quem

391 3503 488 3580 hisce
508 3505 545 3579 in
570 3506 674 3579 rebus
696 3503 971 3590 ducequbens
992 3506 1130 3600 sequor.
1181 3505 1294 3580 Radix
1315 3508 1410 3581 enim
1431 3505 1557 3578 Arabi·

392 3601 457 3674 bns
480 3598 649 3698 fignificat
669 3617 797 3699 rapere,
822 3616 972 3696 reptare,
999 3607 1098 3700 cujus
1121 3601 1267 3702 vestigia
1289 3607 1326 3680 in
1349 3608 1429 3676 vino
1448 3618 1558 3698 parre·

317 3773 318 3778 ,
389 3711 486 3795 panta
502 3701 587 3770 iaiia
603 3702 829 3774 dormientium
843 3697 945 3775 Cant.
961 3723 1005 3776 vr
1015 3725 1029 3776 1
1039 3725 1074 3782 πε,
1103 3759 1111 3777 .
1127 3701 1162 3776 dt
1176 3706 1292 3802 lingua
1306 3701 1463 3776 maledico
1476 3721 1558 3795 pro-

396 3810 546 3894 repente
566 3793 706 3893 semper
726 3799 771 3874 ad
791 3796 913 3892 virus,
941 3799 1047 3878 instar
1064 3725 1277 3900 ffeorpionis,
1302 3799 1557 3900 spargendum,
