3504 4782
363 407 410 494 84
517 382 1364 473 orssuararrous's

363 607 535 685 venerat,
559 605 601 668 ut
618 589 827 687 presumere
845 587 940 662 licet.
976 585 1113 660 Bellum
1129 585 1225 660 enim
1241 584 1433 663 Medorum
1451 609 1528 672 non

364 711 439 775 tam
462 716 507 768 eo
531 689 723 779 tendebat,
756 703 797 761 ut
816 705 965 782 regnum
987 682 1242 777 Babylonicum
1263 682 1526 778 destrueretur,
1544 713 1546 720 ·

366 815 475 890 quam
506 803 548 863 ut
574 789 611 862 in
634 786 766 862 familia
797 782 1106 858 Nebucadnezaris
1126 781 1161 855 dt
1183 795 1289 878 gente
1316 781 1530 878 Babylonica
1572 821 1575 829 .

365 889 669 988 exstingueretur,
701 883 861 976 adeoque
883 870 1075 976 conspiratio
1100 879 1137 954 in
1164 878 1332 953 familiam
1349 881 1530 978 regiam&

365 988 482 1086 gentis
512 1005 663 1081 regnum
688 1002 778 1055 vero
796 977 862 1053 suo
885 977 1030 1053 nomine
1054 974 1104 1049 est
1125 976 1384 1071 adpellandum.
1441 975 1528 1074 Quo

364 1083 465 1160 reeta
478 1082 577 1156 ducit
594 1080 770 1248 lformium
784 1073 1115 1164 Nebucadnezaris,
1130 1074 1167 1150 in
1183 1071 1365 1169 superiore
1382 1073 1527 1151 Dissert.

394 1179 506 1254 .xt.i1.
524 1202 569 1253 ex
607 1178 744 1252 lcitum.

364 1183 392 1273 ς
419 1279 452 1366 §.
473 1193 668 1348 xllxipuu.
723 1271 833 1372 Quod
860 1269 1032 1368 posterius
1054 1285 1095 1346 ut
1116 1293 1162 1347 ex
1183 1268 1302 1344 Beroll
1328 1267 1533 1373 fragmento

367 1369 626 1461 confirmatur,
650 1370 696 1446 fic
720 1374 815 1447 viam
839 1368 1098 1447 conciliationis
1116 1370 1209 1445 inter
1224 1367 1394 1446 Berosum
1411 1373 1445 1452 δι
1460 1372 1533 1446 Da·

368 1471 504 1549 nielem
524 1469 648 1560 pandit
661 1467 824 1550 facilem,
850 1467 951 1538 simul
968 1465 1225 1536 Nabonnadium
1239 1466 1393 1540 eundem
1407 1467 1476 1540 else
1490 1491 1533 1543 ac

367 1565 522 1642 Darium
542 1559 700 1635 Danielis
721 1557 879 1633 adstruit.
937 1556 996 1631 De
1019 1559 1212 1650 coniuratis
1238 1561 1276 1634 in
1297 1560 1536 1638 Laborosoar-

354 1659 550 1748 rhodum,
582 1656 747 1729 ultimum
776 1654 948 1744 exstirpe
970 1653 1278 1725 Nebucadnezaris
1301 1675 1444 1751 regem,
1476 1661 1535 1734 ha.

368 1758 437 1837 bet
457 1751 626 1842 Berosus,
665 1771 749 1838 eos,
782 1767 867 1846 rege
890 1746 972 1822 neci
991 1747 1098 1836 dato,
1122 1769 1273 1846 regnum
1288 1761 1448 1830 communi
1462 1780 1536 1832 con·

361 1851 465 1952 sensu
485 1848 647 1928 obtulisse
669 1844 929 1936 Nabonnadio,
954 1844 1209 1936 conjurationis
1222 1848 1402 1944 precipuo
1416 1869 1536 1947 patro.

370 1973 425 2028 no
447 1948 664 2043 &principe
687 1943 794 2019 socio.
858 1941 943 2042 Quo
966 1939 1053 2015 nihil
1076 1941 1128 2016 est
1150 1943 1291 2020 inhanc
1305 1967 1382 2022 rem
1395 1951 1535 2032 clarius.

370 2045 513 2122 Verum
528 2045 671 2139 quidem
689 2040 758 2131 est,
784 2039 888 2114 solius
904 2038 1180 2130 conjurationis,
1205 2041 1337 2117 nullam
1351 2043 1435 2117 belli
1451 2071 1537 2128 cum

371 2143 514 2233 Medis,
538 2157 600 2218 aut
619 2153 731 2234 captae
752 2137 939 2231 Babylonis
960 2139 1181 2214 mentionem
1200 2137 1320 2212 sacere
1344 2139 1538 2236 Berosum;

342 2291 344 2294 -
371 2239 434 2318 sed
454 2261 522 2315 nec
543 2237 629 2314 illud
641 2234 774 2312 sacrum
787 2233 877 2324 else,
903 2248 964 2308 aut
979 2233 1181 2328 praecellilse
1194 2251 1311 2333 negat.
1361 2238 1537 2316 Defectus

371 2336 426 2412 est
441 2336 479 2410 in
492 2333 682 2422 historico,
707 2333 846 2422 fateor,
872 2329 1019 2406 sednon
1035 2330 1216 2422 insolitus,
1249 2350 1310 2408 aut
1329 2334 1537 2432 infrequens

371 2431 568 2520 historicis,
600 2432 639 2505 in
660 2429 780 2525 primis
802 2445 910 2521 quum
932 2425 976 2498 de
996 2428 1148 2522 antiquis
1171 2431 1277 2504 rebus
1291 2433 1429 2530 agitur,
1455 2457 1537 2530 qua-

373 2555 455 2608 rum
479 2528 662 2605 obscurior
682 2527 718 2599 δι
739 2526 911 2600 incertior
933 2522 1089 2618 superest
1104 2528 1287 2603 memoria.
1338 2529 1458 2628 Quem
1474 2531 1534 2606 ali·

372 2629 471 2703 unde
494 2625 654 2718 supplere
675 2623 781 2707 licet,
807 2633 883 2696 tum
902 2639 950 2690 cx
964 2619 1138 2708 Daniele,
1164 2636 1241 2694 tum
1259 2645 1304 2693 ex
1317 2624 1537 2720 Xenophon·

371 2737 436 2812 te,
462 2721 521 2813 qui
535 2721 611 2792 belli
624 2717 722 2807 juxta
735 2736 776 2789 ac
791 2713 1058 2809 conspirationis
1072 2715 1323 2790 Gadataeorum
1338 2721 1372 2790 dt
1385 2723 1533 2796 Gobria-

369 2837 506 2896 morum
533 2810 661 2886 diserte
682 2812 853 2888 meminit
903 2810 981 2906 Ipse
1009 2811 1160 2900 Daniel,
1201 2809 1264 2882 etsi
1285 2834 1432 2911 regnum
1450 2841 1534 2896 cum

372 2926 493 2994 morte
517 2910 722 2986 Beltzazaris
743 2909 787 2984 ad
808 2907 937 2982 Medos
957 2907 1057 2982 fuisse
1075 2906 1284 2984 devolutum
1305 2909 1397 2987 haud
1411 2915 1535 2994 obscu-

308 3025 315 3030 '
373 3033 418 3086 re
441 3011 567 3086 innuat
590 3029 666 3103 cap.
688 3027 723 3081 v.
746 3005 831 3082 nihil
846 3021 966 3082 tamen
981 3005 1023 3080 dc
1039 3004 1154 3094 bello,
1179 3021 1239 3080 aut
1253 3027 1355 3102 capta
1368 3009 1535 3111 Babylone

373 3109 505 3197 habet,
530 3128 650 3204 regem
672 3105 834 3181 ultimum
855 3105 1015 3178 violenta
1027 3118 1143 3179 morte
1158 3103 1316 3179 cecidisse
1332 3105 1535 3205 simpliciter

371 3225 532 3285 marram.
583 3202 765 3278 Convenit
793 3225 881 3276 vero
900 3201 991 3276 inter
1012 3198 1342 3298 Xenophontem&
1363 3208 1530 3284 Berosum

373 3325 418 3376 ac
432 3301 638 3392 Danielem,
664 3304 707 3376 ab
721 3300 840 3376 amicis
854 3299 890 3374 dt
903 3301 1092 3395 conjuratis
1106 3322 1227 3400 regem
1242 3304 1392 3377 occisum
1407 3303 1529 3378 fuisse:

375 3399 473 3495 quod
493 3399 550 3472 hic
565 3397 700 3476 sufficit.
749 3395 897 3474 Berosus
913 3400 956 3473 de
971 3421 1061 3475 nece
1075 3401 1166 3499 regis
1181 3402 1304 3485 habet;
1330 3399 1393 3472 dul
1407 3411 1464 3474 τᾶν
1480 3408 1531 3490 pl·

373 3517 437 3572 aar
456 3497 719 3596 ἀπετυμπανίσθη.
769 3497 963 3594 Abydenus
986 3519 1029 3570 ex
1050 3497 1277 3596 Megasthene
1290 3497 1417 3588 tradit,
1444 3521 1530 3575 eum

373 3609 559 3670 mortuum
581 3595 681 3685 else,
703 3599 798 3692 βιαίῳ
816 3597 912 3692 μόνῳ.
968 3593 1097 3669 Daniel
1119 3594 1228 3667 utitur
1248 3593 1361 3668 verbo
1374 3602 1432 3700 lup
1445 3615 1529 3686 pro·

374 3691 452 3786 prie
470 3689 655 3782 succidere,
681 3707 869 3786 amputare,
895 3689 967 3764 save
988 3691 1124 3786 gladio,
1149 3689 1220 3761 five
1235 3688 1304 3763 alio
1321 3689 1532 3768 instrumen-

374 3803 417 3864 to
445 3785 643 3861 mortifero.
701 3788 901 3864 Secundum
922 3787 1085 3882 Xenoph.
1108 3819 1138 3859 κ.
1161 3815 1197 3858 π.
1221 3785 1245 3859 l.
1270 3809 1353 3860 vrr.
1377 3809 1413 3882 p.
1445 3809 1527 3881 192.

369 3882 532 3982 Gadatei
555 3881 590 3962 ds
611 3883 975 3985 Gobrianiinregian
988 3885 1032 3966 ad
1045 3903 1166 3983 regem
1179 3885 1424 3982 penetrantis,
1444 3905 1528 4055 §ura

1393 4005 1441 4057 tre
1473 4003 1528 4056 um
