3514 4782
367 336 410 390 ιο
532 285 1351 438 nrssnnrnrronns

366 526 405 583 te
420 529 465 581 ne
481 509 555 601 quis
567 509 729 597 aberret,
759 531 789 586 1.
804 513 921 589 notari
943 513 1071 600 velim,
1095 512 1257 587 Leonem
1279 511 1336 584 hie
1357 515 1433 588 tion
1447 519 1521 591 tam

369 603 552 678 aLeanina
572 603 803 698 fortitudine,
827 611 861 683 ἃ
880 614 1028 706 aquilina
1051 611 1233 684 celeritate
1252 631 1293 683 ac
1308 607 1445 700 sublimi
1457 629 1522 680 vo·

369 702 462 790 latu,
488 717 530 775 ut
552 703 594 778 ad
618 707 764 798 primam
777 705 929 799 speciem
943 708 1105 796 videtur,
1131 706 1393 798 &interpretes
1408 699 1527 798 pafftm

368 799 646 890 intellexerunt,
687 823 790 895 quam
818 805 861 875 ah
884 808 1104 876 imbecillitate
1128 801 1170 886 ὃ
1191 806 1375 876 humilitate
1397 798 1524 873 descri-

371 896 428 970 bi:
465 918 563 987 quae,
589 921 660 992 quo
685 913 848 992 tempore
871 899 1012 974 Danieli
1036 902 1105 974 hoc
1127 897 1239 974 visum
1260 899 1407 996 obtigit,
1438 915 1524 994 vera

372 997 447 1083 ejus
469 995 627 1068 conditio
648 1013 734 1070 erat.
785 994 852 1069 Lea
875 997 1016 1090 quidem
1037 997 1173 1084 fuerat,
1198 997 1335 1085 alasque
1358 997 1534 1088 aquilinae·

371 1090 563 1180 habueram
587 1091 700 1166 sedin
719 1092 902 1187 praesentia
924 1117 1000 1168 non
1021 1093 1180 1186 amplius.
1231 1091 1331 1166 Vidit
1350 1090 1526 1184 Propheta

372 1184 555 1275 Leonem,
580 1189 710 1264 duabus
731 1191 792 1261 alis
813 1191 971 1282 aquilinis
990 1187 1215 1276 instrutium,
1240 1190 1261 1262 e
1285 1187 1373 1263 meri
1386 1203 1529 1260 contur-

373 1283 459 1355 bato
472 1284 578 1370 oriri,
604 1299 643 1356 ut
658 1288 770 1376 prima
783 1286 858 1374 ejus
878 1287 1002 1382 orig0,
1027 1284 1182 1358 &status
1195 1285 1392 1377 praeteritus
1406 1281 1467 1374 ipfi
1481 1281 1533 1355 ob

374 1379 501 1452 oculos
523 1399 735 1470 poneretur:
767 1378 826 1448 sed
845 1402 927 1451 curn
950 1382 1019 1449 hoc
1043 1396 1227 1470 tempore,
1265 1400 1335 1469 quo
1356 1378 1534 1450 revelatio

376 1474 440 1566 ipli
460 1471 622 1544 concessa
643 1471 714 1559 est,
739 1471 817 1544 Leo
837 1472 881 1542 de
895 1471 1039 1564 pristina
1053 1472 1111 1545 sua
1127 1472 1247 1546 indole
1264 1473 1415 1548 multum
1429 1472 1535 1547 remi·

377 1567 490 1656 serat,
527 1566 702 1662 longeque
723 1567 829 1640 alium
851 1567 1012 1640 induerat
1032 1567 1213 1652 habitum,
1241 1569 1312 1638 hoc
1333 1566 1534 1659 posteriore

297 1749 300 1754 ,
378 1665 416 1738 in
436 1661 527 1736 stetu
544 1665 720 1757 praecipue
742 1663 919 1756 praebetur
940 1659 1226 1756 conspiciendum
1262 1661 1532 1754 eoque‘diretle

377 1763 494 1836 tendit
514 1757 649 1849 visum,
676 1774 716 1833 ut
737 1774 908 1852 quantum
920 1761 963 1832 ab
978 1759 1060 1848 illo,
1085 1759 1145 1851 qui
1158 1756 1277 1832 suiliet
1291 1759 1397 1847 olim,
1422 1775 1536 1836 muta-

377 1873 435 1934 tus
450 1857 491 1932 lit
508 1855 605 1944 Leo,
630 1853 899 1949 perspiceretur.
949 1852 1035 1952 Quo
1050 1875 1104 1926 res
1119 1853 1190 1947 ipsa
1205 1875 1279 1927 non
1295 1869 1452 1945 tantum,
1474 1857 1535 1932 sed

334 2033 339 2046 ‚
378 1972 419 2029 et
438 1953 606 2027 orationis
620 1949 790 2027 struitura
810 1975 876 2026 nos
900 1951 1008 2026 ducit.
1059 1948 1146 2025 Non
1163 1951 1259 2025 enim
1272 1949 1443 2046 habetur,
1463 1960 1540 2050 pat,

269 2141 276 2144 ,
378 2073 433 2126 ma
447 2047 546 2135 bellica
560 2063 628 2124 aral
637 2046 725 2144 ficut
739 2048 824 2139 Lea,
852 2055 906 2124 aaa·
919 2046 1079 2145 alaasual
1094 2053 1278 2149 aquilinae,
1304 2049 1347 2136 ἐφ’
1363 2049 1455 2140 vidi,
1483 2055 1535 2125 le·

380 2171 438 2222 ate
452 2151 523 2220 alae
538 2145 674 2240 fuerint
696 2145 825 2242 evulsae
839 2163 909 2222 ete.
934 2148 1081 2223 seduno
1095 2164 1243 2238 tenore,
1267 2165 1307 2222 ut
1320 2149 1357 2222 in
1374 2147 1536 2248 verlione

383 2243 554 2338 expresli,
575 2251 718 2340 primam
740 2241 847 2338 instar
865 2250 984 2336 leonis,
1009 2253 1067 2341 qai
1080 2247 1291 2343 alaeaquilae
1305 2248 1464 2335 lababat,
1481 2244 1537 2317 al·

383 2355 470 2414 teate
494 2346 727 2437 contemplatur
737 2341 836 2436 sam,
868 2346 962 2416 danea
983 2345 1115 2442 avulsae
1130 2342 1266 2437 fuerint
1287 2347 1359 2415 alae
1381 2344 1539 2438 clarete.

384 2437 477 2537 Quae
500 2438 670 2512 orationis
698 2437 867 2512 struilura
893 2437 1091 2524 studiohic
1112 2440 1253 2510 videtur
1279 2447 1436 2530 captata,
1472 2454 1543 2528 ut,

385 2535 535 2631 primam
556 2533 701 2607 bestiam
721 2534 792 2603 hoc
811 2534 958 2621 amplius
980 2549 1142 2624 tempore
1163 2555 1238 2604 non
1259 2529 1329 2602 effe
1352 2535 1486 2612 leonina
1507 2533 1544 2606 lit

387 2635 541 2728 aquiliae
561 2627 721 2719 virtute,
754 2625 813 2700 led
841 2625 994 2698 hominis
1015 2625 1186 2700 inbecillis
1213 2623 1331 2718 potius
1353 2624 1486 2704 tta-arm
1508 2628 1544 2701 δι

387 2728 546 2804 indolem
566 2724 756 2820 praeferre,
787 2721 1031 2800 infinueretur.
1080 2720 1190 2820 Quod
1209 2719 1439 2800 observatum
1457 2742 1545 2802 mox

392 2826 469 2901 usui
488 2824 568 2899 erit.
1437 2887 1442 2898 .

440 2919 547 3012 §.XL
599 2941 634 2994 e.
654 2919 843 3010 Alterum·
872 2913 1058 3016 quodam
1085 2918 1200 2996 eriore
1213 2922 1329 2999 lucem
1343 2934 1546 3014 mutuatur,

392 3019 428 3092 ἃ
442 3019 476 3088 ei
489 3015 635 3092 viciffim
647 3017 825 3111 impertit,
849 3016 975 3109 habet,
996 2943 1173 3116 palgaram
1187 3021 1220 3094 &
1234 3024 1455 3107 carlamialr,
1473 3039 1548 3112 quo

395 3111 545 3188 instatu
568 3113 728 3189 Leonem
751 3113 931 3208 conspexit
955 3117 1153 3211 Propheta,
1176 3131 1251 3194 non
1265 3115 1547 3191 lamentatae&

395 3213 606 3305 equitatem,
645 3209 789 3292 ferocia
817 3213 970 3288 leonine
989 3213 1023 3286 δι
1044 3213 1212 3308 superbiae
1231 3215 1391 3308 aquilinae
1411 3207 1548 3303 oppoli-

352 3323 356 3330 “
395 3323 492 3396 tam,
524 3304 583 3379 sed
608 3309 852 3380 inbecillitatem
873 3311 906 3382 δι
927 3315 1162 3400 humilitatem,
1192 3309 1391 3386 fortitudini
1412 3304 1549 3394 leonis,

375 3403 376 3408 ‘
396 3405 432 3480 δι
447 3404 591 3478 elationi
603 3423 645 3476 ac
659 3405 858 3496 pernicitati
871 3409 992 3502 aquilae
1005 3407 1202 3494 adversam,
1217 3407 1426 3500 exprimere.
1440 3401 1551 3502 Quod
1649 3409 1651 3412 ’

395 3503 489 3582 elate
517 3502 626 3593 liquet
651 3524 683 3576 a.
699 3523 747 3576 err·
763 3505 961 3600 alitaqaila
979 3503 1115 3596 aoulfis.
1167 3500 1474 3598 Quemadmodum
1488 3500 1552 3574 alae

398 3595 524 3672 avulsa
552 3597 743 3676 elationem
771 3599 1043 3674 &celeritatem
1066 3598 1178 3674 Leoni
1199 3597 1269 3671 elle
1289 3613 1465 3694 ereptem3
1503 3591 1553 3668 fic

398 3691 562 3770 Leonem
574 3692 850 3785 intrepiditatem
864 3694 897 3764 δι
910 3693 1018 3766 robur
1031 3691 1235 3788 perdidill'e‚
1250 3717 1302 3768 aar
1316 3694 1471 3780 laminis,
1485 3689 1551 3786 ipli

400 3787 542 3884 dutum,
566 3785 731 3900 ostendit.
780 3794 810 3867 l.
827 3810 871 3865 er
892 3787 1047 3887 politura
1068 3789 1223 3883 Manu,
1261 3811 1328 3889 qua
1342 3787 1550 3960 palles&
1576 3883 1581 3892 Ι

504 3946 509 3957 .
1532 3903 1549 3958 r
