3418 4754
394 451 463 528 392
567 401 1392 499 orssnnrnrronus

389 602 442 673 nis
458 597 647 688 delirutla,
687 620 763 692 quae
783 595 901 672 nostra
920 591 971 666 est
994 591 1217 687 hypothehs,
1252 592 1425 685 quadret,
1452 591 1547 666 diffi-

393 698 477 770 ciles
499 697 640 770 videtur
662 697 791 769 habere
807 693 1013 790 explicatus.
1064 690 1223 764 Tantum
1237 693 1332 764 enim
1348 691 1473 781 abeli,
1500 707 1545 765 ut

347 827 349 832 ·
392 815 438 866 eo
451 795 521 884 jam
546 813 708 888 tempore
732 794 821 867 hanc
845 791 974 864 faciem
993 789 1205 881 praetulerit,
1232 807 1272 862 ut
1289 809 1335 862 ne
1351 809 1448 862 nunc
1464 789 1545 880 qui·

392 891 472 964 dem
494 890 572 984 post
587 907 644 966 tot
666 892 779 965 secula
794 891 852 964 has
869 891 975 961 lineas
993 885 1102 972 serat,
1130 908 1198 959 nec
1214 907 1295 960 eum
1312 884 1437 959 statum
1453 907 1546 958 con-

392 987 578 1080 sequetur,
620 989 681 1062 nifi
706 989 830 1062 ultima
851 986 949 1080 regni
974 982 1109 1054 Messrae
1132 983 1302 1076 periodo,
1337 981 1416 1076 post
1437 981 1544 1056 Anti·-

392 1085 583 1176 christum,
608 1085 641 1158 ἅ
664 1107 773 1182 regna
793 1086 826 1157 ei
846 1085 1003 1157 obnoxia
1027 1080 1160 1154 deleta.
1195 1095 1236 1152 ut
1260 1100 1303 1152 ex
1326 1078 1543 1172 Aponiana

392 1182 539 1256 constat.
590 1181 679 1280 Quae
700 1183 788 1258 tanti
810 1181 879 1254 visa
902 1172 953 1251 est'
969 1178 1148 1251 nonnullis
1166 1177 1446 1270 interpretibus,
1470 1197 1544 1250 nec
1567 1222 1571 1231 ·

391 1278 502 1356 infimi
522 1278 690 1366 subsellii,
716 1278 918 1362 difficultas,
945 1293 982 1350 ut
997 1275 1196 1348 Romanurn
1214 1275 1420 1366 imperium,
1442 1273 1542 1366 quod

392 1401 475 1453 cum
499 1379 571 1452 aliis
592 1401 657 1470 per
680 1375 844 1478 Quartam
864 1372 993 1466 desitum
1009 1373 1230 1468 intelligunt,
1256 1372 1300 1444 ad
1314 1371 1437 1444 ultima
1452 1385 1543 1444 tem·

392 1498 480 1570 pora
499 1497 607 1568 usque
624 1476 852 1561 duraturum,
877 1474 911 1544 u
931 1471 1096 1566 Regnum
1110 1468 1268 1557 Messrae,
1294 1484 1402 1562 prout
1415 1468 1542 1542 ultima

392 1573 543 1667 periodo
564 1570 714 1668 gloriosa
734 1571 804 1644 l'cse
831 1571 1032 1644 habiturum
1054 1567 1114 1654 srt,
1140 1567 1196 1638 bic
1219 1565 1460 1658 representari
1480 1587 1543 1639 au·

392 1671 620 1746 tumaverint.
670 1668 787 1767 Quam
810 1665 1018 1760 hypothesin
1041 1664 1109 1737 late
1129 1664 1165 1737 in
1186 1664 1422 1756 superioribus
1444 1662 1541 1736 resu-

392 1770 477 1840 tavi.
529 1765 690 1854 Faciam,
715 1780 756 1838 ut
771 1763 953 1836 difficultas
969 1759 1175 1850 evanescat,
1200 1761 1417 1856 precipuum
1435 1759 1541 1837 simiai

393 1863 545 1936 fulcrum
568 1861 663 1936 istius
683 1863 860 1954 opinionis
883 1861 1118 1934 subvertatur.

443 1964 474 2050 §.
490 1958 567 2035 XL.
592 1959 775 2054 Regnum,
799 1957 828 2031 F
829 1959 890 2030 ilio
913 1958 1065 2034 hominis
1083 1957 1225 2048 datum,
1249 1979 1317 2032 nec
1334 1955 1446 2031 solum
1458 1958 1539 2052 jur,

391 2079 461 2132 nec
479 2055 665 2152 potestatem
696 2069 834 2131 tantum
858 2053 994 2128 Mesfiae
1015 2055 1165 2128 delatam
1188 2061 1224 2128 in
1237 2055 1361 2152 uculo&
1375 2060 1411 2126 in
1426 2071 1537 2144 terra,

391 2155 488 2248 quod
502 2177 566 2249 per
586 2155 835 2228 exaltationem
856 2153 889 2226 ἃ
901 2151 1061 2248 seffionem
1084 2153 1128 2226 ad
1143 2155 1289 2225 dextram
1307 2150 1376 2224 Dei
1390 2153 1539 2226 monsa-

392 2251 485 2328 oum
503 2251 578 2342 est,
604 2251 755 2326 seduna
779 2250 1084 2346 comprehendere
1107 2251 1345 2343 populorum,
1370 2249 1434 2344 ipu
1449 2247 1537 2324 infr·

392 2352 436 2424 de
460 2351 636 2424 &amore
666 2347 928 2443 subjetiorum,
968 2347 1227 2433 obedientiam,
1273 2347 1388 2443 Regni
1418 2348 1540 2442 itaque

390 2447 666 2543 poisesfionem,
705 2443 1098 2522 &administrationem
1121 2443 1308 2542 gloriosam
1336 2444 1371 2516 dc
1392 2445 1539 2538 prospe·

389 2568 492 2635 ram,
529 2568 609 2620 cum
641 2545 897 2638 interpretibus
919 2543 1099 2618 nonnullis
1126 2559 1261 2618 tantum
1283 2541 1380 2616 abest
1400 2557 1442 2616 ut
1463 2538 1540 2615 infi-

391 2644 461 2716 cias
487 2665 585 2728 eam,
618 2661 657 2718 ut
682 2641 962 2735 eam‘praecipue
985 2641 1247 2737 intelligendam
1272 2639 1340 2712 eise
1363 2638 1538 2714 censeam.

388 2738 448 2810 De
465 2738 656 2830 qu0.supra
679 2741 749 2811 dixi
772 2745 791 2830 §
807 2761 839 2812 x.
855 2737 1022 2835 Agnosco
1038 2738 1173 2829 itaque,
1202 2737 1366 2834 Regnum
1380 2736 1538 2825 Mesliae,

389 2835 491 2928 quale
512 2836 568 2908 bic
589 2836 810 2933 depingitur,
837 2836 872 2910 in
895 2857 979 2908 vera
1000 2833 1059 2907 sua
1073 2835 1225 2929 emphasr
1243 2857 1316 2908 non
1335 2833 1399 2908 nisr
1411 2835 1535 2908 ultima

391 2932 542 3026 periodo
566 2931 717 3028 gloriosa
740 2931 811 3006 sese
837 2953 921 3005 vere
936 2932 1136 3006 habitururn
1154 2931 1234 3004 eise.
1284 2930 1371 3029 Quo
1386 2933 1535 3006 nonob-

389 3027 524 3118 stante,
541 3029 721 3123 ‚epocham
744 3031 847 3122 hujus
873 3030 987 3124 Regni
1016 3031 1052 3104 in
1073 3028 1158 3104 illud
1185 3025 1242 3124 ligi
1266 3045 1430 3123 tempus,
1464 3049 1537 3122 quo

390 3126 498 3200 condi
522 3127 629 3221 coepit
644 3126 722 3220 post
748 3125 875 3200 Christi
896 3128 1166 3216 exaltationem,
1194 3127 1346 3220 illudque
1371 3149 1456 3202 curn
1471 3128 1537 3200 ini·

388 3223 446 3297 tiis
469 3225 589 3321 regni,
623 3223 688 3298 acsr
710 3247 793 3299 mor
814 3224 1000 3320 gloriolam
1020 3225 1113 3298 illam
1129 3225 1376 3307 conditionem
1393 3224 1537 3318 praeser·

281 3399 286 3406 ,
388 3336 471 3409 ret,
497 3321 683 3410 connedi,
710 3319 905 3396 contendo.
955 3320 1046 3418 Quae
1066 3337 1251 3414 antequam
1276 3321 1395 3396 secum
1416 3321 1538 3412 conci·

388 3419 494 3508 ilem,
519 3417 589 3491 five
617 3420 828 3495 emblemata
850 3440 931 3492 curn
959 3418 1220 3511 implemento,
1258 3419 1298 3492 iis
1321 3420 1364 3492 ad
1386 3419 1537 3512 primam

387 3514 543 3610 speciem
567 3533 755 3611 tantopere
774 3515 943 3602 advers0,
971 3516 1006 3588 in
1031 3517 1257 3590 concordiam
1279 3517 1454 3614 redigam3
1480 3531 1536 3590 to·

387 3617 457 3688 tius
481 3617 582 3689 verbi
604 3615 805 3710 Prophetici
827 3611 1055 3702 consensum,
1081 3615 1123 3687 ad
1147 3613 1359 3707 hypothesin
1378 3613 1537 3690 nostram

353 3729 357 3738 ’
388 3713 551 3788 dehisce
580 3711 660 3786 vifis
682 3710 1002 3799 corroborandam,
1042 3710 1084 3782 ad
1112 3712 1266 3786 animum
1289 3711 1453 3786 revocari
1475 3714 1551 3783 ire·-

387 3809 459 3882 lim.
510 3808 674 3904 Regnum
697 3806 831 3883 Mesfiae
855 3810 987 3883 nonin
1009 3807 1089 3882 visrs
1113 3809 1213 3898 huius
1237 3809 1334 3884 Libri
1353 3809 1445 3882 Dan.
1461 3826 1536 3882 tan·

389 3918 484 3992 tum,
509 3905 568 3979 sed
590 3907 720 4004 ubique
742 3907 837 4004 apud
861 3907 1077 4005 Prophetas,
1102 3907 1146 3986 de
1160 3907 1262 3986 initio
1278 3910 1352 4004 ejus
1368 3919 1535 4003 agentes,
1563 3901 1570 3920 ⁵

1171 4039 1175 4046 ·
1363 4019 1534 4099 tanquam

90 499 92 506 '
218 531 232 618 r
