3494 4802
407 429 478 502 244
570 362 1393 488 uissanrnriouita

282 551 287 558 ⁸
414 571 560 648 historia
580 565 889 646 demonstrandum
912 563 1147 653 accedamus,
1170 563 1261 636 adeo
1284 564 1418 638 clarum
1441 561 1570 640 dicer.

417 685 496 744 tum
520 668 597 758 est,
632 685 675 741 ut
697 667 832 740 nullum
856 665 975 762 magis.
1030 661 1105 756 lpse
1130 661 1331 734 Alexander
1352 663 1471 735 animo
1495 663 1572 736 v-ol·

417 783 540 854 verat,
567 764 711 839 testibus
734 761 995 838 commentariis
1010 762 1085 853 ejus
1106 759 1200 852 apud
1214 757 1321 832 Diod.
1336 759 1404 833 Sic.
1420 759 1442 832 i.
1462 781 1567 837 xviii.

320 860 324 865 ’
418 882 497 960 pag.
517 867 599 953 588.
626 861 810 936 hominum
834 881 878 932 eii
902 857 981 933 Asia
1003 861 1040 932 in
1065 855 1268 950 Europam,
1293 855 1326 928 u
1352 856 1431 928 vice
1453 857 1574 950 versa,

419 962 685 1036 translationem
713 957 922 1044 instituere,
961 967 999 1026 nt
1035 959 1193 1026 maximas
1225 957 1309 1024 ariis
1345 959 1573 1047 continentes,

420 1089 490 1136 ruit
512 1064 718 1154 ἐπιγαμίαις,
740 1061 765 1161 t}
786 1087 855 1132 rati,-
871 1051 1045 1126 ‘o'iiieiu'rtrn
1068 1064 1107 1128 tic
1131 1049 1222 1130 nutriit
1245 1055 1381 1146 ὁμόνοιαν
1403 1060 1428 1158 a}
1456 1083 1574 1147 antypi-

421 1153 496 1237 inoh
519 1162 631 1250 φιλίαν
652 1150 833 1250 novarien,
857 1166 916 1246 per
939 1151 1096 1222 cannutio
1118 1145 1161 1229 ὃ
1177 1145 1423 1228 necessitudines
1446 1171 1572 1221 contar.

419 1253 476 1326 dia
496 1267 611 1325 matria
637 1250 679 1335 ἃ
701 1255 902 1346 cognationis
925 1251 1074 1318 amititia
1094 1249 1181 1318 inter
1192 1244 1232 1338 se
1251 1247 1442 1318 devinciret.
1494 1245 1572 1339 lpse

420 1371 565 1444 quoque
587 1348 667 1435 sibi,
696 1349 729 1421 di
752 1348 892 1436 amicis,
920 1343 1102 1418 illustrium
1126 1340 1303 1415 Persarum
1320 1363 1360 1414 ac
1378 1329 1572 1422 Medoium

419 1443 505 1520 filias
530 1451 575 1522 80
590 1445 817 1520 matrimonio
841 1444 1043 1536 copulavit,
1070 1455 1108 1513 ut
1132 1456 1249 1512 narrat
1273 1439 1412 1514 Arrian.
1439 1440 1462 1514 l.
1485 1463 1570 1518 vii.

417 1559 498 1640 pag.
530 1545 610 1636 278.
662 1541 782 1615 Duces
809 1559 898 1611 vero
929 1539 962 1610 di
993 1535 1203 1610 successores
1230 1537 1327 1627 ejus,
1361 1538 1419 1609 vel
1441 1559 1574 1636 reges,

420 1639 501 1732 post
528 1657 682 1714 mortem
708 1640 783 1728 ejus
809 1633 954 1724 exorti,
993 1632 1109 1729 passim
1140 1631 1368 1729 consanguinei
1393 1630 1570 1728 suerunt,

418 1733 480 1809 sed
502 1737 597 1810 simul
622 1740 727 1808 orient
748 1732 990 1818 Romanunm,
1018 1729 1174 1824 discordia
1196 1729 1499 1826 cmisanguinearurn
1522 1759 1572 1808 re·

444 1855 521 1923 am,
538 1828 653 1923 sosias
670 1829 742 1920 ed,
768 1847 808 1906 ut
829 1829 969 1904 notavit
984 1826 1074 1921 Just.
1094 1849 1151 1903 itt:
1168 1850 1203 1902 a.
1254 1827 1477 1904 Proiciamus
1492 1833 1571 1908 illu.

419 1855 678 2020 striaquaedani
702 1929 805 2002 adid
831 1923 1112 2003 confirmandum
1137 1927 1307 2037 exempla.
1357 1928 1572 2021 Antipater,

418 2023 596 2098 Cassandri
616 2023 726 2117 filius,
753 2040 794 2098 ut
809 2025 844 2098 se
861 2025 899 2098 in
916 2045 955 2095 re
980 2045 1031 2097 no
1046 2023 1268 2096 Macedonia
1291 2039 1469 2115 uteretur,
1495 2025 1570 2100 Eu·

418 2123 565 2218 rydicen
587 2123 708 2211 duxit,
735 2121 929 2216 Lysimachi
952 2045 1083 2196 hlium:
1110 2118 1169 2194 sed
1193 2116 1439 2208 hote'ventu,
1466 2137 1505 2196 ut
1523 2125 1577 2199 ab·

417 2221 496 2316 ipso
516 2221 642 2296 socero
665 2221 776 2296 fuerit
798 2241 909 2315 regno
932 2220 1117 2313 privatus,
1144 2217 1280 2292 &dein
1305 2218 1452 2293 occisus.
1477 2217 1567 2314 Just.

416 2341 494 2396 xvi:
510 2341 543 2394 a.
600 2319 740 2398 Eodem
761 2317 875 2412 scopo
895 2316 1100 2392 Demetrius
1123 2314 1324 2390 Poliorceta
1348 2314 1456 2394 filiam
1476 2321 1572 2394 Stra·

416 2419 564 2492 tonicen
590 2418 686 2494 dedit
711 2418 890 2507 Seleuco,
924 2415 1150 2490 &Seleucus
1176 2436 1254 2490 eam
1281 2432 1474 2509 propterea
1506 2440 1570 2512 pe.

418 2514 496 2590 tiit:
525 2514 749 2606 Lyfimachus
773 2533 917 2607 quoquc
944 2511 1119 2587 ninnotii
1142 2511 1242 2586 duxit
1264 2509 1369 2586 filiam
1387 2513 1571 2590 Ptolemaei

416 2609 516 2707 Lagi.
543 2611 636 2685 Plut.
666 2613 704 2686 in
726 2611 833 2686 Dein.
859 2631 937 2706 pag.
962 2631 1043 2704 903.
1101 2608 1170 2682 Sed
1191 2609 1276 2703 quid
1298 2607 1461 2686 ianime
1497 2613 1572 2688 De.

415 2703 564 2780 mettius
589 2707 690 2780 brevi
711 2706 791 2800 post
807 2709 844 2779 in
862 2703 1073 2799 potestatem
1094 2703 1233 2780 Seleuci
1248 2710 1373 2794 venit,
1400 2709 1571 2802 deperiit.

413 2802 568 2878 Arsinoii
590 2825 681 2879 vero
705 2803 910 2897 Lysimacho
932 2817 1037 2877 autor
1055 2801 1151 2890 fuit,
1185 2819 1226 2878 ut
1249 2805 1480 2902 Agathoclem
1502 2806 1588 2881 sili·-

297 2977 303 2996 ,
416 2923 480 2978 uni
500 2899 703 2976 trucidarit:
730 2921 775 2974 eir
796 2921 868 2995 quo
883 2901 1015 2974 belluni
1031 2901 1125 2973 inter
1139 2900 1384 2992 Lysimachum
1400 2902 1567 2979 &Seleu-

416 2995 1108 3192 {liiiihitittliiiii
1125 2997 1331 3191 ‘’tiltltl
1364 2999 1570 3176 iiiiii.

414 3197 566 3287 Thetis,
592 3193 650 3269 sed
675 3193 760 3284 suo,
787 3195 821 3270 &
847 3195 986 3283 uxoris,
1013 3193 1046 3268 di
1070 3191 1130 3270 filii
1155 3195 1283 3270 exitio:
1310 3197 1448 3290 dequo
1475 3197 1572 3276 Dan.

415 3319 467 3373 xit
484 3301 520 3373 ό.
569 3294 770 3369 Antiochus
789 3294 866 3382 nl,
890 3292 1022 3367 bellum
1047 3315 1128 3367 cuin
1143 3291 1310 3368 Romanis
1330 3291 1574 3392 adgressurus,

375 3399 382 3410 '
413 3394 637 3491 propinquos
661 3414 762 3490 reges
787 3407 828 3466 ut
852 3413 915 3485 per
941 3392 1120 3464 connubia
1144 3391 1205 3464 sibi
1229 3391 1448 3474 devinciret,
1480 3389 1569 3470 filias

415 3492 491 3569 suas
521 3491 564 3562 iis
587 3491 717 3584 partini
742 3490 904 3579 obtulit,
936 3489 1063 3580 partim
1095 3486 1194 3560 dedit
1219 3509 1358 3564 uxores.
1415 3489 1569 3586 Cleopa-

378 3569 384 3594 ’
415 3606 507 3664 nam
531 3587 674 3680 quidem
698 3587 893 3661 rioiemaeo
926 3583 1204 3680 Epiphaneam
1230 3586 1314 3660 iore
1340 3585 1565 3680 coeiesyiiae,

415 3687 512 3759 unde
535 3683 655 3778 postea
686 3685 769 3758 belli
800 3681 900 3756 causa
923 3683 1019 3756 inter
1048 3681 1266 3757 Antiochum
1292 3685 1327 3758 &
1350 3681 1564 3762 Ptolemaeot

415 3781 569 3866 exstitit,
595 3780 735 3872 dequo
761 3779 853 3854 Dan.
878 3800 927 3852 xi:
956 3801 1013 3870 17.
1063 3776 1290 3853 Antiochidem
1315 3802 1404 3853 vero
1429 3783 1569 3857 Ariara-

405 3883 487 3974 dd,
512 3877 740 3976 Cappadocia
763 3877 864 3976 regi3
904 3880 1038 3954 tertiam
1058 3875 1149 3958 misit
1169 3875 1320 3967 Eumeni
1344 3877 1420 3977 regi
1443 3881 1566 3978 Sarga.

400 4019 409 4040 ι
884 4027 889 4036 -
1430 3999 1567 4078 meno,
