3456 4784
397 347 506 516 ‘m
583 353 1416 488 connumeratus

372 639 375 644 -
435 589 595 684 quaesrta,
626 585 821 660 indicetur:
855 581 1002 675 dequo
1033 580 1217 674 Polyaenus
1244 607 1280 668 a,
1314 583 1372 673 qui
1393 579 1587 678 izapu'ram

435 689 527 762 τόπον
544 681 757 778 firmiffimum
785 684 887 752 latum
918 679 1089 773 adpellat,
1124 678 1159 749 dt
1182 677 1336 769 Justinus
1357 685 1393 766 a,
1428 681 1486 770 qui
1509 702 1588 758 eam

429 783 498 880 sesa
529 783 678 876 Daphne
700 775 841 874 alaufiffe
869 776 994 864 tradit,
1027 775 1210 850 testantur.
1268 775 1376 873 Quod
1399 777 1590 871 itaqueap·

439 879 562 954 tiffime
589 891 737 950 vocatur
757 901 876 984 ripum,
902 870 972 945 sive
996 895 1062 967 pro
1087 873 1247 965 particip.
1271 874 1462 960 habeatur,
1489 875 1524 946 δι
1541 891 1587 947 te·

437 999 516 1074 nens
539 997 608 1048 eam
630 985 812 1058 vertatur,
847 969 917 1042 slve
941 993 1007 1063 pro
1031 971 1177 1042 nomine
1193 971 1237 1043 ab
1252 970 1354 1042 initio
1369 992 1431 1065 per
1446 997 1466 1043 o
1482 971 1588 1046 auito

437 1073 652 1166 accipiatur,
684 1071 719 1143 u
739 1068 783 1140 de
806 1068 909 1154 loco,
949 1064 1185 1140 firmationem
1207 1066 1407 1159 praestante,
1441 1066 1503 1140 seu
1520 1093 1590 1142 mu·

394 1235 400 1248 .
439 1177 603 1255 nimenta,
629 1166 866 1260 intelligatur,
893 1179 933 1236 ut
956 1191 1036 1252 atrro,
1061 1191 1140 1240 arao
1163 1163 1233 1236 hoc
1254 1161 1330 1258 ipso
1350 1163 1386 1236 in
1410 1186 1517 1256 cap.,
1553 1165 1588 1240 dc

438 1269 520 1340 alibi
540 1266 653 1359 saepe,
677 1283 721 1336 ne
737 1261 836 1353 plura
855 1259 976 1332 similia
990 1281 1199 1334 memorem.
1258 1260 1368 1334 Venit
1384 1278 1502 1334 autem
1518 1263 1588 1336 lroc
1717 1285 1718 1296 ¹

436 1364 585 1439 nomine
613 1382 659 1432 eo
678 1361 791 1452 aptius
816 1405 828 1442 ,
870 1356 966 1448 quod
989 1359 1138 1430 verbum
1163 1385 1216 1465 prn
1236 1357 1270 1430 in
1294 1359 1416 1430 militia
1444 1380 1587 1453 quoquc

437 1461 558 1534 locum
580 1472 721 1543 teneat,
748 1454 782 1526 da
801 1449 948 1547 firmiter
971 1466 1076 1526 tenere
1096 1471 1221 1527 contra
1240 1452 1376 1528 hostem
1391 1457 1589 1538 irruentem

437 1557 611 1642 denotet,
636 1567 677 1627 ut
696 1552 797 1644 supra
812 1549 1011 1626 observavi.
1060 1549 1178 1649 Quem
1195 1552 1293 1625 usum
1308 1550 1487 1624 Berenicae
1503 1575 1588 1645 prae·
1717 1625 1718 1644 ,

439 1654 528 1728 stitit
542 1651 628 1724 illud
644 1649 927 1736 munimentum,
953 1648 1056 1740 plane
1072 1648 1356 1744 inexpugnabile.
1395 1647 1461 1724 Cui
1483 1650 1589 1726 etiam
1716 1697 1718 1740 2

439 1743 534 1824 r'ette
555 1746 748 1835 convenit,
774 1743 871 1839 quod
885 1747 1043 1817 traditum
1058 1745 1212 1818 dicatur:
1236 1768 1310 1819 non
1325 1748 1419 1820 enim
1434 1745 1588 1824 hostium

437 1848 499 1933 vi,
525 1844 583 1917 sed
606 1843 731 1916 fraude
755 1856 897 1934 captum
912 1839 983 1927 est,
1007 1841 1137 1935 abipb
1150 1841 1341 1931 Berenice,
1367 1865 1443 1937 quo
1460 1842 1587 1918 foedus
1621 1851 1624 1856 ’
1717 1879 1718 1896 r

305 1935 310 1944 “
440 1964 524 2019 turn
548 1939 710 2032 hostibus„
729 1938 881 2023 inierat,
919 1936 1016 2009 didbis
1041 1959 1164 2014 eorum
1187 1940 1376 2030 credente,
1408 1943 1445 2014 in
1463 1957 1586 2015 manus

441 2059 568 2113 eorum
590 2035 767 2110 traditum.
819 2031 1053 2109 Commendat
1078 2035 1229 2130 denique
1252 2037 1343 2111 hanc
1360 2037 1586 2130 opinionem,

441 2135 537 2229 quod
562 2134 684 2208 ultima
700 2153 791 2219 vox,
822 2157 932 2218 :arum
954 2137 990 2203 in
1007 2138 1221 2227 temporibus,
1247 2125 1322 2227 quae
1337 2134 1497 2228 expediri
1510 2157 1585 2210 non

439 2233 590 2327 potuit,
614 2229 696 2303 hinc
719 2227 906 2302 facillimos
930 2229 1151 2303 nanciscatur
1174 2229 1393 2320 intellectas,
1418 2231 1527 2306 modo
1547 2255 1585 2306 u·

440 2329 494 2403 sus
520 2329 637 2416 vocis,
663 2349 737 2400 non
761 2324 989 2416 infrequens,
1014 2325 1058 2398 de
1076 2332 1264 2422 temporibus
1283 2331 1502 2419 calamitatis,
1532 2329 1585 2403 ad·

438 2425 629 2514 flidlionis,
669 2420 974 2516 &oppreffionis,
1014 2445 1120 2516 quem
1143 2425 1312 2518 exemplis
1333 2426 1406 2516 jam
1431 2423 1583 2502 firmavit

438 2522 662 2598 Schindlerus
689 2555 725 2606 c,
764 2522 802 2592 in
836 2520 1041 2593 memoriam
1073 2535 1276 2594 revocetur.
1339 2519 1584 2600 Munimentum

439 2621 558 2712 itaque
581 2619 670 2714 ejus,
695 2617 753 2687 vel
768 2635 845 2688 cant
859 2612 1032 2706 defendens
1039 2611 1207 2708 firmiter,
1231 2618 1266 2690 in
1282 2624 1494 2714 temporibus,
1510 2642 1583 2715 quae
1714 2675 1716 2690 i

440 2719 550 2790 uoces
573 2713 689 2787 secum
715 2712 946 2805 copulantur,
977 2713 1064 2800 erit,
1089 2713 1258 2788 facillimo
1281 2713 1400 2806 senfia,
1425 2721 1582 2793 munitis·
1629 2765 1641 2786 ,
1715 2777 1716 2796 ,

439 2809 544 2884 fimus
566 2809 627 2883 iste
650 2809 767 2894 locus,
793 2829 865 2907 quo
878 2805 1068 2896 Berenice,
1094 2811 1277 2887 aSeleuto
1295 2809 1484 2900 Callinico,
1510 2815 1580 2906 jam
1715 2809 1716 2822 ’

356 2931 360 2938 ·
439 2928 523 3002 tege
541 2904 656 2993 fatto,
682 2905 827 2996 ejusque
846 2917 964 2978 matre
981 2905 1158 2994 Laodice,
1184 2905 1226 2980 ad
1241 2930 1367 2985 necem
1382 2913 1513 3006 petita,
1533 2911 1551 2984 s
1565 2958 1581 2973 -

439 3003 476 3082 se
497 3003 635 3096 recepit
657 3001 691 3074 &
712 2996 869 3097 inclusrt,
895 3021 984 3087 nec,
1010 3000 1072 3074 nifi
1087 3003 1226 3096 prodita
1241 3005 1379 3097 fuiffet,
1404 3009 1441 3082 in
1462 3033 1582 3086 manus

440 3119 568 3172 eorum
582 3093 772 3184 incidissem
797 3093 941 3169 afratre
962 3095 1163 3196 Euergete,
1189 3101 1231 3174 ad
1247 3103 1320 3195 ejus
1337 3105 1582 3186 liberationem

439 3195 656 3281 advolante,
692 3215 776 3268 mox
797 3192 1033 3288 vindicanda:
1071 3219 1143 3290 quo
1174 3197 1290 3291 itaque
1321 3202 1357 3276 in
1380 3201 1584 3283 difficillimo

438 3293 503 3368 illo
534 3308 698 3385 tempore
727 3289 1063 3385 &periculosrllimo
1092 3291 1279 3370 firmiffime
1309 3301 1521 3393 tenebatur,
1551 3307 1584 3380 dr

439 3390 753 3466 corroborabatur.
803 3385 883 3460 Nec
907 3389 1012 3486 longe
1026 3390 1205 3485 quaefitum
1223 3391 1293 3484 est,
1318 3418 1447 3474 vocem
1470 3415 1585 3498 tempa-

437 3489 487 3576 rsis
508 3487 552 3561 ad
574 3483 811 3560 calamitosum
828 3483 885 3558 hic
899 3487 1051 3561 retulille
1067 3505 1231 3583 tempus,
1258 3512 1338 3566 cum
1357 3499 1525 3590 proprie,
1546 3517 1584 3572 ut
1699 3545 1701 3548 -

397 3618 406 3638 ·
437 3583 502 3661 Gr.
526 3581 651 3683 augis,
683 3581 950 3678 opportunum&
980 3583 1202 3680 tempestiuum
1223 3591 1397 3680 exprimat
1418 3609 1583 3690 tempus,

438 3680 556 3776 quod,
598 3680 706 3754 relate
740 3677 783 3754 ad
811 3685 1075 3765 munimentum,
1113 3681 1151 3754 in
1172 3684 1302 3758 malurn
1324 3709 1392 3780 pro
1418 3693 1583 3782 qualitate

339 3841 343 3850 .
438 3779 608 3872 temporis
628 3775 698 3850 sese
717 3775 820 3848 facile
833 3775 953 3852 flectit.
1001 3773 1249 3853 Munimentum
1271 3785 1367 3859 enim
1384 3785 1420 3862 in
1436 3803 1584 3886 apporta·
1604 3791 1606 3796 ’

1475 3943 1478 3950 .
1533 3909 1584 3961 ms

458 3985 495 4057 “a
517 3993 536 4055 l.
550 4011 574 4053 c.
653 3995 670 4054 b
691 3994 757 4060 Lib.
772 4010 880 4082 atvar:
898 4014 923 4060 1.
1001 4015 1015 4057 c
1036 3996 1065 4058 in
1081 3997 1142 4061 Lex
1158 3999 1193 4060 ad
1207 3999 1235 4062 l.
1247 4013 1357 4071 rosen,
