3494 4802
428 445 499 506 ,ιι
595 407 1414 510 n1ssenrnrronrs

431 625 515 680 nra.
533 621 609 699 prg.
628 619 708 694 ²53·
724 597 769 672 de
786 622 859 694 quo
871 597 1041 697 legendus
1054 596 1105 672 est
1118 595 1282 694 Xenoph.
1298 597 1389 696 Erp.
1404 599 1488 697 Cyri
1505 604 1530 682 1.
1550 625 1585 686 1.

432 699 598 782 &Persas
612 701 656 772 ab
671 721 717 772 eo
740 714 903 794 tempore
925 715 1156 772 contemnere
1176 701 1378 790 coeperint,
1403 717 1442 775 ut
1464 705 1584 778 obser.

434 812 495 872 vat
509 797 599 871 Plut.
614 799 650 870 in
677 796 798 870 Artax.
822 819 857 889 p.
880 816 983 869 1021.
1034 793 1175 868 Rectius
1196 795 1267 868 sine
1282 795 1390 872 dubio
1405 797 1450 870 de
1464 799 1585 897 Agesi-

436 895 502 982 lai,
527 895 616 990 regis
642 891 1014 981 lacedemoniorum,
1040 891 1266 986 expeditione
1287 895 1324 966 in
1352 895 1467 972 Anam
1486 897 1583 994 cogi-

435 991 559 1082 tasset,
574 1012 652 1085 quae
666 1011 815 1086 regnum
831 987 1008 1064 Persarum
1023 1011 1146 1087 magna
1159 989 1258 1062 clade
1271 989 1423 1082 adfecit,
1442 993 1599 1076 &Gra-⁴

436 1089 489 1166 cis
505 1090 661 1164 animum
675 1089 717 1160 ad
734 1087 850 1162 Persas
866 1087 1095 1162 debellandos
1108 1086 1260 1172 addidit,
1277 1104 1319 1162 ut
1327 1087 1447 1182 Polyb.
1463 1091 1487 1166 Ι.
1501 1113 1515 1164 t
1528 1115 1538 1164 r
1550 1113 1584 1169 1.

436 1209 512 1284 pag.
538 1189 621 1260 226.
646 1183 823 1262 observat.
872 1185 941 1284 Sed
963 1205 1002 1257 re
1055 1187 1062 1200 '
1091 1184 1215 1258 Persici
1239 1182 1302 1258 sub
1325 1184 1435 1261 Dario
1467 1185 1588 1265 Codo·

438 1304 572 1362 manno
586 1281 859 1357 destructionem
881 1279 939 1356 hic
955 1281 999 1356 de
1015 1283 1103 1357 cribi
1119 1303 1185 1375 per
1204 1283 1338 1366 duorum
1354 1307 1508 1358 romaum
1527 1287 1588 1362 de-

438 1379 688 1469 structionem,
720 1402 764 1454 ex
787 1379 875 1453 serie
894 1381 1065 1455 orationis
1089 1379 1198 1454 dubio
1220 1394 1344 1453 caret:
1376 1403 1423 1456 ne
1445 1383 1590 1477 dicam,

439 1479 514 1554 duo
529 1499 746 1553 cornuanon
754 1475 964 1562 successive,
981 1476 1040 1550 sed
1056 1477 1153 1550 simul
1168 1475 1376 1566 concidisse,
1392 1479 1428 1552 dt
1441 1479 1484 1554 ad
1498 1486 1589 1558 arie·

288 1617 291 1624 ⁴
439 1578 485 1652 tis
505 1596 641 1650 cornua
657 1571 707 1650 vs.
732 1597 765 1668 3.
790 1571 976 1649 manifeste
998 1573 1189 1668 pertinere.
1238 1575 1297 1648 De
1316 1597 1387 1666 quo
1403 1578 1440 1652 in
1457 1600 1589 1672 praecc-

438 1674 547 1748 dente
564 1671 705 1746 Dissert„
724 1669 831 1746 fufius
846 1671 915 1768 egi.
953 1670 1061 1841 guid
1077 1670 1222 1765 itaque?
1247 1670 1320 1748 duo
1334 1693 1486 1764 cornua,
1509 1698 1590 1769 que

440 1772 527 1848 mihi
544 1770 622 1845 sunt
639 1769 744 1864 Cyrus
758 1769 792 1842 dr
807 1768 938 1868 Darius
993 1767 1152 1865 pliaspt'm
1173 1768 1231 1861 qui
1245 1791 1394 1866 regnum
1409 1773 1590 1852 Persarum

442 1868 635 1943 fundarunt
650 1869 685 1941 δι
698 1864 976 1960 amplificarunt,
1000 1866 1033 1938 dr
1049 1887 1113 1959 per
1127 1887 1281 1959 quorum
1294 1865 1441 1943 familias
1454 1870 1591 1946 succes-

442 1965 493 2040 sto
509 1966 677 2039 devoluta
701 1961 883 2058 estusque
907 1962 952 2036 ad
971 1962 1120 2036 Darium
1145 1961 1442 2056 Codomannum,
1468 1967 1529 2042 seu
1554 1965 1593 2043 fi.

444 2085 527 2140 nem
549 2063 671 2159 regni,
695 2061 741 2134 de
764 2081 836 2153 quo
858 2058 1066 2154 supradixi,
1092 2058 1240 2136 tamdiu
1262 2061 1452 2136 censentur
1471 2063 1593 2140 substi-

444 2161 555 2250 offe,
569 2158 737 2273 quamdiu
752 2179 901 2270 regnum
917 2157 1100 2230 Persarum
1133 2155 1243 2252 ¹quod
1257 2157 1411 2252 ipsorum
1426 2178 1500 2235 erat
1511 2183 1594 2260 reg.

446 2255 907 2443 timfadt'fsddds
926 2253 1088 2430 arisi?
1130 2255 1597 2464 niiisissst‘sffl

445 2455 546 2550 quod
565 2452 810 2566 duoupraetusit
838 2473 987 2564 cornua,
1020 2451 1154 2543 Cyrum
1176 2447 1209 2521 dt
1231 2450 1408 2542 Darium,
1440 2475 1596 2566 quorum

447 2544 1393 2752 iidiirffsisisiaedissidii?insidiiis&
1408 2549 1503 2720 Str?
1519 2575 1599 2744 313¹ss

451 2762 587 2817 cornua
601 2761 684 2815 curn·
699 2739 809 2814 staua
822 2740 1012 2826 dicuntur,
1035 2738 1124 2812 iilud
1146 2739 1240 2817 idem
1261 2739 1332 2831 est,
1357 2741 1426 2816 acfi
1447 2765 1599 2842 regnum

449 2839 537 2938 'Cyri
554 2839 588 2912 δι
603 2837 704 2910 Darii¹
717 2834 819 2910 fuisse
836 2835 1057 2912 consraciurn
1072 2835 1177 2911 diuae.
1217 2839 1259 2912 lu
1275 2859 1350 2932 qtto
1365 2841 1452 2916 nihii
1465 2839 1517 2914 est
1530 2843 1602 2920 dis·

450 2937 573 3024 ficissit,
599 2937 685 3012 nihii
705 2932 870 3012 insolens.
921 2933 1048 3007 Darius'
1063 2931 1314 3011 Codumadnus
1330 2937 1388 3011 hic
1403 2938 1600 3024 incensum

448 3057 525 3110 non
541 3034 661 3121 venit,
687 3033 768 3125 quia
780 3029 853 3126 ipse
866 3051 941 3106 non
961 3031 1033 3105 suit
1055 3054 1154 3105 cornu
1175 3057 1316 3123 novum,
1341 3034 1400 3109 sed
1421 3057 1600 3134 regnum,

452 3133 593 3206 duobus
617 3133 796 3207 cornubus
819 3129 885 3204 iliis
907 3128 1059 3227 insigne,
1089 3135 1228 3206 tantum
1247 3129 1291 3204 ad
1319 3135 1429 3208 breve
1456 3151 1599 3230 tempus

456 3227 731 3317 administravit,
757 3225 816 3300 sed
830 3228 962 3302 &mox
985 3226 1150 3318 perdidit.
1452 3301 1457 3312 ,

449 3367 454 3378 -
499 3333 534 3420 §.
561 3325 684 3402 LXsll.
734 3347 768 3416 4.
794 3321 951 3424 Quartus
974 3325 1416 3420 articuluscompiesiitur
1433 3331 1598 3430 regum

448 3419 560 3501 -Persis
589 3424 633 3497 ad
655 3421 869 3497 Macedonas
891 3421 1065 3509 transsati,
1091 3423 1295 3500 uiteriorem
1315 3426 1543 3506 vastationem
1564 3430 1641 3524 dr,

454 3519 748 3610 destructionem,
772 3520 826 3594 nir
846 3519 987 3610 verbis,
1023 3519 1066 3603 ἐξ
1086 3521 1199 3614 dejecit
1227 3544 1298 3594 eum
1319 3531 1354 3598 in
1376 3537 1522 3612 terram,
1554 3525 1599 3611 θ’

450 3625 655 3718 proculcauit
670 3641 760 3706 eum,
785 3641 842 3691 nec
855 3633 946 3703 nat,
973 3622 1029 3712 qui
1043 3619 1176 3690 arietem
1198 3641 1238 3690 rx
1251 3643 1351 3708 manu
1366 3625 1435 3718 ejus
1450 3631 1600 3720 eriperet.

405 3741 407 3746 ·
449 3717 564 3826 Quod
583 3735 714 3809 quartae
731 3711 849 3788 bestiae
865 3713 988 3812 gestis,
1012 3717 1137 3807 quibus
1160 3713 1323 3792 residuum
1344 3719 1535 3818 concuitaffe
1549 3721 1601 3794 di·

453 3827 567 3898 citur,
595 3813 694 3906 supra
708 3809 905 3909 illustratis,
925 3813 1030 3903 piane
1043 3808 1253 3902 respondet:
1279 3837 1346 3888 nec
1365 3819 1526 3894 uberiore
1541 3839 1603 3894 ex·

451 3908 644 4008 plicatione
661 3911 807 4008 indiget.
856 3907 968 3985 Dario
982 3909 1026 3983 ad
1041 3907 1208 3985 Arbelam
1223 3909 1387 4002 devicto,
1414 3914 1448 3989 dc
1468 3937 1605 4084 moisen

984 4043 998 4068 ‚‚
1550 4034 1604 4090 uu
