3514 4782
329 397 393 460 an
440 317 809 464 varrcrrvrn
854 381 1189 475 nnurnrrs.
1294 399 1344 498 σγ

40 627 42 674 ,
176 581 239 671 titt
260 576 395 654 diversa
406 579 605 670 relatione,
626 581 687 654 vel
701 580 833 674 duplici
846 581 1035 676 Babylonis
1049 593 1336 688 expugnatione,

40 687 41 706 ¹
175 700 256 760 non
277 675 457 768 distindta,
498 677 541 752 de
570 701 642 772 quo
662 700 766 767 mox,
799 679 981 774 deceptus.
1039 683 1142 760 Novi
1164 691 1331 783 equidem
1385 780 1387 784 ,

171 774 320 865 Delios,
346 776 410 870 qni
428 773 710 870 Xenophontem
733 775 841 852 exacti
864 777 1039 868 historici,
1067 782 1104 858 in
1126 782 1211 877 Cyri
1233 789 1335 884 gestis

39 921 40 924 κ
169 873 389 964 enatandis,
424 889 543 970 partes
567 873 759 970 explevisse
782 891 986 968 autumant,
1020 880 1140 956 locum
1161 883 1335 976 posterio.

164 992 239 1048 rem
259 971 311 1048 ita
323 972 544 1070 intelligere,
570 971 798 1066 acfi'Cyaxari
820 969 1176 1070 plenissimapotestaa
1192 981 1230 1055 in
1245 985 1334 1060 urbe

161 1067 322 1168 &regno
342 1071 562 1165 Babylonico
585 1069 697 1147 fuerit
716 1069 880 1147 concellir
899 1095 920 1148 a
939 1071 1048 1166 Cyro.
1097 1075 1167 1152 Sed
1180 1079 1268 1155 illud
1286 1103 1332 1160 ex

161 1185 205 1242 eo
229 1167 424 1244 refutatur.
466 1191 497 1243 1.
513 1168 610 1260 quod
632 1166 768 1260 Cyrus,
801 1167 984 1261 Babylone
1007 1185 1136 1264 capta,
1169 1175 1331 1254 aXeno·

37 1285 38 1342 i
156 1265 303 1360 phonte
333 1265 599 1350 introducitur,
638 1280 806 1355 tanquam
827 1265 888 1354 qui
909 1265 944 1336 se
966 1287 1089 1360 regem
1108 1268 1269 1364 pellent,
1299 1274 1337 1350 dc

37 1351 38 1438 l
156 1383 231 1453 pro
253 1359 316 1433 lua
336 1357 547 1434 auctoriate
561 1359 606 1432 de
622 1360 789 1432 omnibus
803 1358 1030 1452 disposuerit:
1057 1363 1265 1454 qnodretb
1278 1363 1348 1442 ad'

36 1531 37 1564 ,
157 1458 275 1530 vertit
294 1453 525 1565 ⁸Dodlillimue
548 1455 623 1565 vir,
650 1458 710 1562 qui
734 1453 985 1550 Chronologiar
1004 1457 1039 1531 S.
1060 1457 1186 1554 ingens
1211 1461 1334 1541 lumen

36 1685 37 1724 .
157 1547 1335 1756 rurippi’alinerra-,nuntrinvelt

160 1747 266 1835 lone,
290 1744 324 1818 dr
344 1745 382 1818 in
399 1742 616 1836 provinciis,
642 1759 763 1815 emtus
776 1737 844 1815 sura
860 1742 963 1831 alin,
987 1756 1029 1818 ut
1044 1741 1095 1818 est
1108 1748 1203 1839 apud
1215 1747 1334 1828 Xeno

162 1845 225 1937 pb.
245 1844 270 1917 l.
298 1861 373 1916 vu:
394 1863 430 1936 p.
456 1863 536 1935 193.
561 1838 598 1912 dt
617 1836 750 1912 l.v111.
766 1859 801 1932 p.
817 1860 899 1931 230.
947 1836 978 1912 F
980 1839 1095 1916 efellit
1107 1843 1225 1936 itaque
1240 1847 1335 1922 ratio

163 1937 218 2014 ct
246 1935 487 2032 L’Empereur
517 1937 563 2012 ad
581 1933 759 2030 Jacchid.
780 1935 817 2010 in
837 1935 931 2012 Dan.
952 1958 987 2030 p.
1012 1957 1093 2030 114.
1116 1941 1177 2033 qui
1198 1943 1334 2022 dunin

161 2037 247 2112 loco
262 2029 516 2130 Xenopb.non
532 2035 659 2108 donum
673 2029 895 2126 limpliciter,
921 2031 1138 2131 sedregiaem,
1164 2039 1248 2134 quin
1263 2063 1335 2138 reg.
1474 2099 1478 2106 ,
1510 2097 1512 2104 .

161 2157 241 2210 rrum
264 2133 299 2208 dc
320 2132 536 2229 imperitanti
584 2127 704 2206 ificare
720 2127 859 2206 censet:
886 2151 933 2206 ne
948 2131 1061 2210 dicam
1076 2135 1150 2212 olio
1165 2135 1201 2208 dr
1218 2144 1335 2233 dmm
1452 2161 1459 2170 ·

162 2231 221 2306 bic
245 2229 436 2328 distingui,
461 2229 497 2304 dc
681 2228 889 2322 neutiquam
911 2229 1086 2321 ejusmodi
1105 2229 1337 2329 significatum

161 2349 213 2408 eo
235 2328 378 2401 inloto
397 2327 505 2404 ferre.
553 2325 685 2402 Cetera
705 2327 779 2400 dan
798 2348 866 2420 pro
878 2323 1041 2419 familia,
1066 2350 1132 2420 pro
1149 2332 1335 2404 hereditate

166 2423 204 2497 δι
216 2417 413 2519 poffiffione,
438 2425 511 2500 imo
524 2425 724 2520 principatu
737 2422 771 2498 dr
784 2443 919 2519 regno,
943 2437 985 2496 ut
997 2421 1204 2496 observavit
1218 2429 1236 2494 ο·
1250 2424 1335 2498 ardre

166 2517 317 2594 Casaub.
339 2517 469 2596 urere.
483 2541 562 2596 rur.
574 2521 612 2598 in
622 2519 750 2598 Baron.
765 2542 802 2616 p.
820 2539 902 2610 214
928 2515 1015 2592 sumi
1030 2514 1163 2591 inficias
1179 2539 1255 2592 non
1271 2541 1336 2608 eoa

164 2615 226 2694 sed
254 2615 343 2694 illud
371 2639 448 2696 non
477 2616 778 2708 tribulationi·
809 2639 844 2708 4.
869 2615 1037 2710 Denique
1055 2613 1335 2708 Babyloniorum

166 2710 1337 2906 ggggrcrlnpgmbrmedieaaoefflrguvlanltgogggossserssstspinerecvffiner

448 2861 460 2900 ,
926 2865 936 2888 .
1036 2863 1046 2885 .
1087 2865 1098 2888 .
1163 2863 1173 2885 .

172 2909 309 2986 ratione
325 2906 544 2984 contradixit
555 2907 781 2986 Theodoret.
798 2907 842 2984 ad
855 2907 948 2984 Dan.
965 2931 1026 2986 vr.

69 3047 74 3064 ·
220 3007 253 3094 i.
266 3003 392 3082 xxm
420 3006 487 3081 Sed
502 3005 586 3101 quid
599 3028 683 3082 cunr
691 3005 935 3101 Xenophonte
950 3029 1026 3082 non
1041 3021 1337 3096 tanmm,verurn

177 3101 532 3194 reliquisliistoricisa
557 3103 794 3198 quatitans,
820 3121 861 3180 ut
874 3102 1085 3195 Herodoto,
1098 3105 1145 3180 ’ἃ
1158 3105 1252 3196 aliie,
1268 3125 1338 3200 qua

177 3195 346 3272 Chaldaeis
367 3199 585 3296 &Astyrum
624 3217 667 3276 ut
686 3199 821 3278 Berosn
847 3203 880 3278 dt
901 3203 1101 3297 Abydeno,
1141 3205 1334 3294 faciemus,

173 3297 234 3390 qui
249 3295 437 3389 Babylonis
449 3311 583 3393 captae,
600 3296 636 3370 dt
650 3302 748 3392 regni
761 3301 967 3390 Babylonici
980 3300 1092 3374 eversr
1106 3300 1254 3396 gloriam
1268 3299 1338 3389 Cy·

177 3413 220 3466 ro
236 3393 443 3475 vindicante
469 3394 566 3492 quod
586 3394 624 3468 in
644 3393 856 3488 hypotlrefin
877 3395 922 3480 de,
937 3415 1049 3494 regno
1063 3395 1281 3484 babylonico
1295 3391 1340 3464 ad
1431 3467 1433 3470 ,

180 3485 308 3568 Medon
333 3497 504 3571 uanalato
525 3490 671 3568 adversa
690 3489 813 3565 fronte
835 3489 977 3564 videtur
999 3493 1159 3562 arietare.
1223 3485 1343 3584 Quem

178 3589 314 3668 nodum
335 3613 457 3690 operae
476 3592 632 3688 pretinm
652 3587 762 3666 fuerit
781 3597 864 3663 ante
886 3583 1050 3672 solvilse,
1076 3603 1181 3675 quam
1196 3582 1343 3694 ulteritu

33 3723 34 3730 .
177 3687 793 3864 tttffltrtrllllltlllt
809 3679 978 3871 illd:
1003 3680 1343 3876 ldssdribllimdl
1469 3729 1470 3736 i

33 3947 35 3960 .
181 3893 290 3976 cent,
314 3882 587 3985 ravengarius,
612 3885 647 3964 &
666 3885 710 3962 ab
732 3879 1144 4056 iinlquaxenophon,
1169 3895 1211 3960 nt
1225 3879 1347 4050 bffi

296 4047 301 4054 .
829 4001 852 4056 2
1299 3993 1319 4046 θ
