3494 4802
404 321 483 488 ron·
573 379 1385 480 Dissaeuiautonee

411 579 544 662 finirem
571 604 592 656 a
623 581 783 658 Ducibus
809 581 1028 671 institutam,
1075 582 1223 656 fuerunt
1256 573 1570 672 Macedonicum,

412 678 651 769 Thracicum,
677 681 865 756 ntiaticmn
892 681 926 753 dt
950 681 1218 774 AEglliltiacum:
1243 677 1404 764 deinde,.
1427 699 1458 750 a.
1488 679 1568 752 Ast·-

414 779 510 848 atico
538 777 783 876 in'rlntigono
804 782 836 852 tr
861 779 1046 852 Demetrio
1069 775 1262 863 deliratio,
1288 775 1570 868 AEgyptiaeumf

416 873 507 965 Syro
522 877 817 961 Macedonicum,
852 875 1119 948 Thracicum&
1148 873 1434 945 Macedonicum·
1465 871 1569 946 Aed-

418 989 452 1062 3.
481 972 656 1046 'l'hrncico
679 975 769 1046 haud
793 975 852 1044 diu
875 971 951 1066 post
979 973 1100 1043 deleto
1129 971 1162 1042 lle
1196 968 1401 1060 lysimacho
1427 969 1577 1065 superae

416 1082 460 1140 to
482 1091 501 1140 a
522 1071 671 1144 Seleuco
703 1071 893 1154 Mentore,
930 1070 1231 1153 Macedonicum,
1265 1069 1473 1156 Syriacum,
1505 1067 1574 1142 AE-

420 1168 621 1260 gyptiacum
647 1170 680 1241 dt
703 1169 954 1264 Pergamenum
971 1215 982 1252 ,
997 1189 1054 1239 ‘eo
1079 1167 1155 1258 iulo
1180 1183 1340 1256 tempore
1361 1185 1382 1235 a
1407 1163 1574 1238 Plriletae-
1641 1237 1643 1242 ,

420 1283 465 1333 ro
486 1263 651 1339 eretlum.
713 1265 788 1338 Hac
809 1267 944 1338 ratione
971 1263 1030 1335 nisr
1054 1281 1205 1356 quatuor·
1228 1282 1337 1356 regna
1359 1281 1425 1352 pro
1450 1261 1571 1332 diver·

422 1356 521 1431 satane
548 1380 750 1454 temporum
773 1366 913 1455 capias3
953 1362 987 1432 in
1013 1361 1077 1431 illis
1103 1357 1322 1431 recensendis
1352 1377 1477 1448 aquam
1505 1357 1580 1432 tibi-

424 1455 579 1544 haerere,
605 1460 666 1532 nili
693 1457 842 1532 historie
868 1459 1049 1546 imperitus
1073 1455 1134 1546 irs,
1161 1454 1231 1548 ipse
1255 1455 1458 1548 experieris.

476 1559 507 1642 §.
541 1554 736 1626 XXXVlll.
788 1577 821 1630 a.
855 1556 922 1626 Sed
942 1577 988 1626 ne
1014 1555 1088 1626 hec
1109 1553 1179 1647 ipsa
1200 1553 1340 1644 quidem
1363 1551 1583 1646 interprete·

426 1649 481 1723 tio
510 1652 595 1723 nihil
631 1651 779 1740 scrupuli
808 1652 981 1743 reliquum
1007 1650 1104 1724 facit.
1153 1673 1184 1724 a.
1217 1651 1312 1723 enirn
1341 1647 1414 1722 duo
1444 1671 1585 1747 regna,-·

427 1743 614 1837 Astatienm
639 1749 674 1822 da
706 1746 918 1834 Thracicum,
944 1765 1130 1842 antequam
1152 1743 1313 1820 succeffio
1338 1747 1580 1821 Alexandrina

429 1863 477 1915 eo
504 1841 613 1916 luerit
637 1843 799 1931 addudim
825 1861 866 1918 ut
890 1865 998 1940 regna
1021 1844 1176 1917 stabilem
1202 1849 1408 1937 acceperint
1433 1844 1575 1935 sedem,

429 1939 467 2010 in
493 1939 680 2016 obscurum
707 1941 853 2014 fuerunt
875 1942 993 2028 millia,
1020 1942 1245 2031 &asyriaco
1271 1939 1445 2033 absorpta.
1496 1943 1584 2015 Per-

431 2055 619 2131 gamenum
646 2059 733 2112 vero
760 2058 866 2131 quare
893 2059 975 2129 prae
1004 2038 1077 2109 aliis
1100 2037 1135 2108 in
1164 2037 1243 2110 Afia
1270 2038 1422 2111 sundatis
1455 2040 1584 2114 locum·

432 2151 554 2208 teneat
576 2134 670 2208 inter
694 2155 842 2226 quatuor
870 2155 1003 2206 cornua
1026 2135 1216 2225 primaria,
1249 2137 1307 2205 vix
1334 2135 1378 2208 ad
1408 2135 1579 2226 liquidum

433 2229 559 2304 adduci
584 2229 698 2323 potest
758 2235 787 2306 b.
813 2229 977 2329 Quatuor·
993 2231 1048 2302 illa
1070 2251 1190 2324 regna,
1200 2227 1385 2305 difficulter
1399 2253 1481 2306 curn
1498 2255 1589 2325 quan

436 2345 520 2403 tuor
549 2332 666 2402 aventis
696 2331 865 2402 coelorum
898 2330 933 2401 in
965 2329 1191 2402 concordiam
1226 2329 1460 2426 rediguntur,
1500 2331 1590 2424 quia·

438 2425 723 2516 septentrionale,
764 2443 825 2499 ant
867 2426 1037 2498 Orientale
1077 2426 1136 2497 virr
1171 2425 1402 2500 demonstrari
1434 2431 1585 2518 poterit.

435 2525 524 2600 Duo
549 2525 642 2597 enim
668 2545 711 2598 ex
738 2541 912 2617 quatuor,
948 2523 1057 2595 modo
1084 2521 1283 2606 recentius,
1317 2523 1463 2596 faerrmt
1491 2525 1589 2598 Oen·-

437 2623 603 2704 dentalia,
630 2621 781 2712 primum
807 2617 1040 2703 'l'hracicum‚
1075 2619 1156 2690 dein
1184 2621 1460 2714 Pergamenum,
1501 2645 1592 2697 cum¹
1708 2681 1711 2686 .

440 2717 692 2790 Macedonico.
749 2713 998 2808 AEgyptiacum
1034 2713 1077 2784 ad
1108 2716 1311 2802 meridiern3
1345 2739 1434 2813 ergo
1459 2715 1588 2808 Astati-

386 2877 389 2884 .
442 2811 720 2903 cumprimum,
751 2811 832 2881 dein
857 2811 1264 2903 Syro-iliacedonicnm,
1296 2833 1478 2904 utrumque
1504 2816 1588 2890 coeli

442 2909 608 3005 plagam,
645 2908 701 2978 vel
735 2908 937 2982 alterutram
971 2906 1133 3002 respexit.
1193 2911 1257 2983 Ha
1283 2909 1501 2983 difficultates
1527 2914 1590 2986 vira
1691 2975 1694 2980 .

443 3005 664 3082 commodius
693 3003 819 3077 evitari
845 3019 1041 3096 poterunt,
1082 3007 1230 3096 quamsi
1256 3014 1500 3101 quaternarium
1525 3031 1591 3083 nu·

444 3115 583 3180 metum
610 3123 682 3174 non
708 3122 921 3196 regnorum,
959 3101 1018 3172 sed
1044 3119 1236 3177 ventorum
1261 3107 1337 3176 coeli
1362 3103 1592 3182 cauli-inille

446 3199 620 3286 ereetum,
646 3197 806 3291 adeoque
825 3220 898 3270 non
914 3219 1023 3293 regna
1048 3200 1117 3272 hoc
1141 3223 1292 3274 numero
1318 3203 1498 3288 concludi,
1532 3203 1592 3277 sed

446 3299 483 3373 in
510 3319 620 3392 regno
647 3296 906 3380 Alexandrino,
934 3317 1037 3390 quam
1062 3299 1130 3369 late
1154 3301 1294 3388 patebat
1310 3298 1593 3377 sucrrndnmlon·

446 3397 643 3496 gitudinem
669 3394 945 3468 &latitudinem
973 3391 1086 3482 suam,
1111 3394 1230 3469 versus
1257 3413 1395 3489 quatnnr
1419 3399 1497 3469 cani
1525 3401 1595 3492 pin·

447 3517 535 3594 gae,-
554 3509 660 3587 regna
685 3491 779 3564 varia
804 3489 873 3564 effe
899 3491 1060 3566 oritura·
1099 3488 1190 3589 Quae
1214 3494 1383 3587 cogitatio
1406 3499 1514 3568 robur
1539 3519 1597 3570 ac.

336 3595 339 3602 ’
451 3593 560 3687 quirit
583 3611 626 3662 ex
651 3610 726 3675 eo,
757 3605 835 3662 tum
869 3589 964 3680 qnod
990 3610 1065 3679 cap.
1092 3607 1199 3661 vrrr:
1226 3591 1258 3662 8.
1286 3613 1368 3664 rnorr
1392 3593 1596 3682 exanimatio.

450 3691 504 3766 nis
527 3689 640 3781 gratia
668 3685 840 3772 addatur,
872 3683 1043 3774 secundum
1064 3697 1202 3778 quatuor
1225 3703 1338 3758 uenter
1361 3693 1460 3774 cardi,
1497 3713 1596 3787 argu.

450 3804 598 3866 mento,
621 3803 667 3854 eo
691 3801 829 3856 tantum
843 3779 995 3872 spatiare
1010 3782 1269 3870 quaternarium
1287 3804 1494 3872 numerum,
1519 3797 1598 3867 tuln

451 3879 549 3978 qttud
570 3898 646 3972 cau
669 3901 726 3954 xr:
749 3904 785 3970 4.
811 3897 967 3975 regnum·
986 3877 1273 3955 Alexandrinum:
1291 3881 1328 3956 in
1351 3903 1483 3979 genere
1505 3885 1599 3960 dica·

1541 4001 1601 4060 tur
