3416 4746
408 351 581 474 “Db
630 395 665 473 A
713 396 761 474 N.
836 401 896 478 xl:
949 422 1034 498 7--9.
1179 396 1293 502 ‚4'83
1393 427 1395 435 ·

144 574 259 652 Aliam
276 572 407 648 scilicet
430 573 464 646 dc
487 571 696 662 Thraciam,
722 595 817 648 nunc
833 573 969 646 rediille
991 574 1215 670 inJa'daeam,
1240 579 1293 654 in.

141 677 340 759 dicaretur,
366 686 442 746 turn
457 671 553 764 quod
574 673 642 744 hoc
665 687 827 764 tempore
850 673 884 743 ie
900 673 1062 749 dominnm
1081 674 1219 748 istarum
1238 697 1292 746 re-

140 773 310 869 gionum,
336 768 397 862 qui
423 789 479 842 eas
502 767 595 844 dotis
618 771 762 843 nomine
786 767 965 863 inregem
988 768 1105 842 Austri
1122 771 1288 845 transier-

139 883 224 957 ret,
249 863 530 955 demonstraret,
556 867 650 958 quod
673 862 822 957 estjlare
836 869 872 936 in
889 881 999 955 torrn3
1024 883 1098 941 tum
1115 869 1287 960 denique,

100 1023 103 1030 .
139 965 237 1060 quod
261 966 331 1038 hoc
355 961 435 1054 ipso·
452 979 635 1057 tempore,
661 985 733 1053 quo
752 960 857 1035 filiam
879 961 975 1034 dedit
1000 962 1216 1050 Ptolemaeo,
1243 964 1287 1036 de

140 1083 214 1156 quo
239 1059 327 1134 vers.
354 1080 410 1152 ¹7·
436 1059 572 1154 agitur,
598 1058 709 1130 faerit
728 1058 764 1128 in
785 1056 850 1127 illis
870 1059 942 1128 otis
959 1059 1116 1150 presens.
1166 1060 1287 1130 Antio·

138 1161 217 1229 chus
232 1181 312 1244 ren,
337 1155 451 1246 inquit
466 1155 589 1226 Livius
602 1183 641 1244 c,
669 1175 705 1224 ec
719 1155 827 1246 hyeme
842 1149 979 1248 Raphia
993 1158 1028 1224 in
1044 1151 1192 1228 Phoenice
1208 1153 1286 1227 Pto-

139 1257 246 1326 lemaeo
265 1257 337 1348 rogi
356 1251 432 1345 Aeg
455 1257 506 1345 pti
524 1247 599 1338 filia
617 1255 653 1322 in
668 1254 911 1340 matrimonium
932 1251 1029 1339 data,
1056 1275 1153 1347 qnam
1167 1251 1285 1324 Antio·

139 1352 245 1423 chiam
261 1349 294 1441 sc
314 1355 416 1444 recepi
445 1362 475 1418 et
501 1349 568 1422 dcc.
618 1347 659 1420 in
677 1361 822 1442 promtu
842 1346 959 1438 itaque
975 1344 1024 1418 est
1039 1347 1151 1436 racio,
1177 1371 1283 1440 quare

30 1517 33 1522 .
138 1447 267 1521 dixerit
287 1445 491 1540 prophetia,
519 1443 562 1527 (θ’
576 1441 680 1534 flabit
704 1449 741 1515 in
762 1457 851 1515 terra
865 1445 1007 1532 decorit,·
1034 1443 1283 1519 &excitando

138 1543 368 1642 prophetiae,
406 1542 443 1615 ni
463 1540 586 1626 fallor,
617 1541 818 1614 luculenter
843 1537 914 1612 sese
936 1561 977 1611 ea
999 1541 1135 1619 ratione
1151 1543 1284 1638 pandit.

145 1639 282 1714 'serram
298 1641 418 1711 decoris
432 1637 500 1709 eile
514 1636 704 1729 Judaeam,
730 1659 775 1712 ex
789 1658 863 1730 cap.
880 1657 953 1710 vin:
970 1657 1004 1729 9.
1026 1659 1072 1713 rn:
1088 1635 1158 1728 412.
1173 1636 1281 1712 nostri

137 1737 351 1834 prophetae,
378 1733 412 1805 dc
435 1733 574 1808 aliunde
595 1732 751 1822 constat,
783 1734 929 1824 satisque
948 1736 1071 1808 tritum
1088 1732 1149 1808 est.
1206 1733 1283 1808 Ter-

106 1879 108 1884 ·
135 1835 321 1906 indecoris
343 1829 448 1902 titulo
470 1829 639 1922 Judaeam
666 1827 915 1905 condecoralle
934 1829 1096 1919 videtur,
1122 1845 1162 1920 ut
1178 1833 1281 1920 dotis,

134 1949 288 2022 quacum
305 1925 412 2000 filiam
427 1925 679 2022 desponderet,
703 1925 912 2022 praestantia
926 1926 1160 2012 indicaretur,
1182 1927 1281 2001 limul

134 2025 233 2101 forte
261 2023 305 2097 ad
323 2039 466 2119 paruum
490 2047 609 2114 corna,
648 2023 691 2094 ad
714 2039 835 2096 terram
862 2024 981 2095 decoris
1005 2021 1281 2114 lese'oioturnnr,

135 2121 308 2198 Antiochi
329 2123 383 2195 M.
405 2122 601 2210 emblema,
625 2142 701 2214 cap.
720 2116 814 2193 vm:'
821 2141 856 2212 9.
881 2119 1114 2234 cogitationes
1137 2141 1281 2194 revoca·

136 2232 203 2292 ret.

186 2317 218 2402 §.
235 2309 326 2385 LIX.
351 2311 544 2402 Sequentes
565 2329 695 2398 voces,
722 2307 765 2390 ἐφ’
781 2309 1005 2398 consummatio
1021 2315 1056 2381 in
1067 2315 1174 2384 'mann
1188 2314 1279 2406 einr,

61 2455 63 2460 ,
137 2409 288 2484 divitem
310 2407 466 2482 fundunt
494 2405 649 2492 sensum,
675 2405 731 2500 qui
747 2405 863 2492 varia,
888 2406 1033 2498 adquae
1050 2407 1279 2482 ooxnhasese

136 2505 306 2603 porrigit,
329 2503 597 2599 complectitur,
636 2524 680 2577 ex
704 2501 776 2596 ipso
800 2501 1030 2598 implemento
1044 2504 1184 2580 demum
1199 2529 1279 2604 cog.
1328 2559 1332 2570 .

5 2653 17 2666 .
134 2603 325 2679 noscenda.
376 2601 498 2674 Verba
517 2607 575 2675 ibn
595 2601 630 2672 dr
650 2602 731 2687 aba,
758 2599 916 2690 ejusdem
937 2600 1104 2696 originis,
1128 2603 1278 2696 primum

132 2703 427 2794 complicationem,
461 2699 542 2772 dein
567 2695 883 2792 consummationem,
909 2719 998 2788 quae
1018 2699 1069 2768 tei
1084 2695 1134 2771 cst
1150 2705 1279 2794 compli-
1358 2741 1366 2750 ·

131 2801 241 2887 catio,
265 2817 454 2892 perquam
479 2793 690 2878 absolvitur,
715 2790 897 2888 perficitur
918 2793 950 2865 dt
971 2793 1128 2868 ultimam
1149 2799 1277 2891 accipit
1371 2877 1375 2888 ,

131 2915 296 2982 manum,
322 2907 470 2967 notante
492 2891 545 2964 Cl.
568 2889 755 2965 Schultens
778 2893 817 2976 b,
849 2893 1045 2963 continent.
1096 2889 1201 2966 Unde
1219 2917 1276 2968 va-

133 2991 176 3063 rii
198 2987 275 3060 usus
296 2988 476 3078 fluxerunt
495 2989 572 3080 alii,
596 2987 634 3060 in
658 2986 846 3075 derivatis,
879 2988 975 3060 varie
996 2986 1188 3083 punitatis,
1214 2995 1278 3064 ob·

134 3085 195 3158 vii.
247 3081 329 3156 Vox
342 3069 423 3174 itit,
459 3105 548 3177 quae
575 3084 632 3157 hic
654 3083 832 3173 occurrit,
863 3104 944 3158 com
971 3081 1277 3178 nniverfltatem&

132 3177 334 3255 universam
355 3176 719 3274 complexionem&
733 3178 976 3252 adverbialiter
991 3195 1115 3271 totam,
1140 3188 1274 3256 nniver-

122 3275 232 3373 sam,
269 3290 347 3349 tum
379 3274 514 3349 decreti
541 3271 602 3346 fixi
629 3275 765 3363 ratique
790 3267 1098 3369 complementum
1111 3293 1273 3368 certum,

134 3389 212 3449 tum
226 3369 514 3466 consentionem&
531 3369 677 3443 totalem
695 3365 982 3458 destruilionem,
1007 3371 1059 3442 uti
1076 3393 1118 3446 ex
1134 3371 1273 3450 Lexicia

133 3467 292 3555 constat,
318 3469 485 3542 exhibete
507 3467 607 3542 solet.
667 3463 831 3554 Denique
851 3455 913 3534 ili}
925 3481 983 3560 pro
995 3463 1128 3562 sponsa,
1148 3475 1273 3544 corollis

131 3565 253 3640 ornari
268 3563 387 3654 solita,
413 3567 448 3640 n
463 3569 560 3639 nobba
575 3584 639 3658 pro
645 3559 868 3658 sponsalibus,
884 3583 927 3634 ex
943 3563 1070 3636 codem
1084 3562 1187 3639 fonte
1202 3589 1273 3641 aon·

121 3662 354 3758 summationis
384 3684 424 3734 ac
453 3665 690 3747 coronationis,
725 3660 1079 3756 quae-colophonem
1100 3661 1270 3758 imponit,

129 3759 218 3836 sumi
239 3758 341 3836 solet.
391 3758 492 3858 Quae
516 3759 630 3832 verbo
656 3753 804 3925 tlptigille
820 3755 1008 3832 suffecerit.
1058 3757 1135 3834 Hos
1148 3781 1271 3930 opines

697 3875 797 3948 ppo
1186 3879 1268 3956 rgnr·

173 3975 332 4040 clxxxv:
348 3991 394 4051 1³·
498 3977 515 4034 d
536 3971 571 4036 ad
588 3973 673 4034 Prov.
688 3988 753 4033 xor:
769 3989 817 4047 30.
