3426 4756
280 448 335 556 μ
382 427 752 548 varrcrurr
800 383 1142 512 u'rurttr's.
1213 455 1282 534 μγ

147 592 229 672 Nec
248 599 397 676 multum
419 602 588 677 abhorret
603 601 778 680 somnium
793 604 988 680 Midianitae
1002 604 1046 676 de
1058 618 1143 698 parre
1156 607 1285 678 hordea·

146 715 219 784 ceo,
252 703 422 770 tentorium
443 716 627 790 evertente,
666 705 876 778 emblemate
906 703 1096 790 Gideonis,
1129 702 1284 776 tentoria

145 793 518 886 eorumdestrudluri,
541 796 704 890 Judvtr:
726 820 779 891 13.
1258 841 1263 850 ·
1408 887 1412 893 ,

194 893 226 978 §.
241 889 335 963 XlV.
386 914 420 982 4.
446 896 617 983 Atenim,
648 918 729 970 cunr
748 896 888 988 Lapidis
905 896 943 970 in
960 896 1065 988 pedes
1080 899 1208 970 Statue
1223 897 1286 969 im·

142 984 261 1080 pulsus
285 1009 360 1062 non
381 990 487 1080 partis
502 1007 637 1065 tantum
653 993 751 1088 regni
764 994 894 1083 Syriaci
911 991 1199 1090 destruetionem,
1227 991 1287 1064 sed

142 1083 277 1171 totius,
302 1105 370 1156 nec
395 1086 485 1158 illius
509 1087 645 1176 solum,
677 1088 736 1160 sed
757 1090 917 1162 omniurn
939 1111 1128 1184 regnorum
1145 1111 1187 1159 ex
1205 1089 1289 1159 llle·

144 1180 319 1250 xandrino
341 1197 527 1267 ortorum,
552 1183 625 1255 imo
646 1182 841 1275 aliquorum
856 1186 961 1258 etiam
977 1184 1285 1270 antecedentium,
1341 1235 1344 1242 ,

144 1289 324 1364 quotquot
352 1297 415 1367 per
436 1274 615 1351 Colossum
640 1277 787 1351 fuerunt
808 1277 974 1372 depidla,
1011 1279 1148 1352 ruinam
1171 1277 1290 1352 secum
1344 1363 1347 1370 ,

63 1388 67 1394 ·
145 1370 315 1458 traxerit,
351 1371 440 1444 adeo
473 1387 512 1446 ut
541 1372 730 1466 plenillima
753 1377 863 1448 totius
887 1375 1016 1448 Statuae
1040 1375 1157 1448 secuta
1183 1373 1291 1445 fuerit

147 1461 341 1558 dillrpati03
367 1467 661 1558 quemadmodum
685 1469 736 1545 vs.
754 1492 799 1564 35
821 1471 936 1566 &¹44.
962 1473 1054 1544 clare
1077 1471 1220 1550 dicitur:
1251 1470 1293 1540 il.

77 1567 81 1576 ’
143 1558 208 1632 lud
233 1584 300 1652 qua
325 1565 461 1652 ratione
482 1565 832 1662 intelligendumllt,
867 1588 985 1658 operae
1005 1567 1157 1661 pretium
1182 1567 1292 1640 fuerit

82 1701 85 1708 ·
144 1655 360 1750 explicuille.
410 1658 496 1758 Quo
520 1659 582 1737 fini
610 1685 640 1736 a.
665 1661 842 1738 observari
866 1665 997 1752 velim,
1022 1685 1130 1760 regna
1152 1681 1290 1738 antece·

144 1751 293 1846 dentia,
318 1754 595 1849 Babylonicum,
620 1757 803 1834 Medicum
819 1759 1058 1842 &Persrcum,
1084 1762 1121 1834 in
1138 1761 1289 1834 Alexan-

144 1847 249 1924 drino
278 1850 454 1942 aestrueo
484 1854 584 1931 srmul
611 1853 723 1930 fatum
754 1855 890 1929 censeri
919 1856 1118 1956 invenille,
1161 1877 1192 1930 1.
1209 1858 1289 1948 quia

143 1935 355 2042 Regnorum
371 1951 567 2042 ejusmodi,
590 1974 654 2046 per
669 1953 856 2027 Orientem
871 1952 1149 2042 dominantium,
1176 1953 1293 2048 qualia

94 2093 101 2106 .
143 2045 341 2138 pervarias
362 2047 492 2120 Statuae
507 2045 730 2142 .partes'sunt
755 2049 953 2138 delineata,
978 2049 1141 2124 succeffio
1156 2053 1193 2122 in
1210 2050 1291 2123 ulti·

142 2160 207 2214 mo
230 2140 294 2214 illo
315 2162 426 2238 regno
452 2143 576 2218 everso
593 2143 695 2237 finem
720 2147 869 2238 accepit.
926 2145 1119 2238 Hucusque
1143 2147 1288 2219 Monar·

144 2235 289 2308 chicum
309 2237 449 2327 aliquod
463 2238 581 2312 fuerat
595 2242 632 2312 irr
647 2241 796 2313 Oriente
812 2241 1023 2331 Imperium,
1049 2240 1142 2314 aliud
1158 2262 1202 2313 ex
1217 2243 1303 2313 alio

143 2344 307 2418 natum,¹
327 2329 360 2402 &
383 2334 597 2408 antecedens
618 2336 654 2407 in
679 2335 918 2428 consequente
943 2335 1201 2428 conspicuum,
1239 2337 1290 2407 ita

144 2441 189 2501 ut
213 2427 251 2500 in
272 2440 387 2520 quarto
402 2427 553 2520 denique
571 2431 690 2504 omnia
706 2429 883 2525 superiora
900 2429 935 2502 se
951 2429 1228 2520 ostentaueri'nt,
1253 2431 1288 2502 dt

144 2541 229 2596 cum
252 2543 298 2596 eo
319 2525 449 2598 abolita
469 2523 545 2600 srnt.
597 2525 758 2622 Regulum
782 2526 1056 2618 Babylonicum,
1081 2547 1193 2620 aquo
1215 2523 1289 2598 suc·

143 2616 250 2692 ceffio
283 2640 476 2716 regnorum
510 2623 546 2696 in
580 2623 700 2698 Statua
721 2625 916 2718 repetitur,
955 2629 1057 2718 primo
1086 2621 1156 2698 fuit
1178 2643 1289 2716 penes

143 2715 348 2803 Chaldaeos,
376 2716 457 2790 dein
480 2719 630 2809 Medos,
667 2737 754 2796 tunc
778 2719 915 2809 Persas,
947 2721 1097 2815 denique
1117 2721 1290 2794 Macedo·

7 2815 9 2826 ’
143 2833 230 2900 nas,
261 2814 402 2905 quando
424 2815 460 2889 irr
486 2819 581 2891 varia
604 2839 710 2914 regna
734 2816 906 2906 divisum,
940 2817 1141 2894 &taudem
1167 2833 1286 2892 totum

144 2905 341 3001 dillipatum
362 2909 440 2996 est3
466 2914 565 2987 nullo
587 2912 684 2989 simili
705 2937 837 3013 regno,
862 2931 944 2990 ante
959 2937 1106 3012 regnum
1121 2899 1284 3007 quinium

144 3005 293 3100 propria
311 3002 369 3077 sua
388 3006 502 3081 forma
525 3009 705 3101 eredbum,
738 3013 773 3086 in
796 3013 947 3086 Oriente
961 3011 1164 3103 conspicuo.
1214 3010 1287 3082 De-

145 3095 275 3172 strudla
297 3098 414 3192 itaque
436 3117 512 3176 tum
532 3105 675 3180 demum
698 3107 883 3181 existimari
904 3107 1020 3200 potest
1040 3109 1185 3192 Statua,
1213 3105 1285 3178 Nc·

144 3192 381 3296 bucadrrezqri
402 3198 531 3271 oblata.
581 3200 619 3271 ln
640 3223 709 3290 quo
726 3204 812 3275 nihil
830 3201 900 3288 est,
925 3207 1020 3294 quod
1035 3203 1198 3276 offendit.

198 3294 231 3379 §.
247 3287 323 3362 XV.
376 3312 408 3366 a.
443 3291 613 3377 Accedit,
638 3300 796 3368 omnium
820 3298 961 3370 illorum
987 3319 1194 3392 regnorum,
1227 3319 1288 3369 arr·

147 3379 390 3464 tecedentium
412 3410 509 3482 aeque
532 3410 571 3462 ac
591 3389 835 3476 Macedonici,
868 3393 1015 3465 eandem
1036 3391 1135 3464 suisio
1155 3391 1286 3462 destru·

150 3483 277 3578 &ionis
304 3485 453 3579 causeam,
487 3482 590 3583 finem
612 3487 783 3572 eundem,
819 3487 843 3560 st
866 3487 908 3559 ad
935 3509 1054 3560 veram
1078 3486 1286 3576 Ecclesiam,

151 3581 214 3656 seu
241 3602 388 3678 reguum
411 3584 506 3674 Dei,
529 3587 679 3677 primurn
701 3583 905 3676 Judaicum,
931 3581 1012 3655 dein
1036 3575 1287 3672 Christianum,

151 3678 283 3762 relate,
307 3699 363 3751 res
385 3678 578 3772 spedleturr
605 3695 645 3754 ut
662 3681 741 3766 hie,
767 3682 830 3753 ubi
849 3703 869 3752 a
885 3681 1002 3774 lapidis
1016 3679 1165 3770 impulsu
1181 3675 1289 3754 effer.

59 3773 64 3780 ’
151 3788 210 3846 tus
235 3773 293 3846 ille
315 3775 513 3867 derivatur,
541 3777 675 3851 &alibi
695 3780 731 3852 in
755 3776 878 3852 Verbo
899 3775 1112 3868 Prophetico
1136 3778 1286 3852 obtinet.

150 3871 250 3946 Sicut
268 3873 366 3948 enim
385 3896 533 3974 regnum
555 3875 830 4046 Macedrfznicum
852 3871 1050 3972 prolapsum
1070 3874 1102 3948 dr
1120 3876 1200 3950 loco
1215 3895 1289 3948 mo·

732 3995 749 4046 t
776 3995 795 4066 3
1213 3989 1289 4048 tum
