3456 4784
405 449 470 502 no
543 429 579 503 D
631 432 664 508 A
713 429 762 509 N.
838 455 900 510 xr:
950 450 1035 528 Μ.
1207 457 1278 535 447

131 604 190 677 ius
210 595 491 696 intumescentibus
514 633 541 677 a.
564 605 599 675 de
614 601 724 678 fluvio
741 603 896 690 tumido,
922 600 1164 678 &inundante
1179 605 1214 694 l,
1242 606 1277 680 de

129 695 292 774 similibus
314 699 511 792 usurpatur.
570 701 723 774 Hostiles
746 724 835 778 vero
856 701 1051 774 invasiones
1077 723 1160 777 cum
1180 705 1276 797 aquis

129 797 269 870 tumidis
291 819 330 870 ac
348 800 597 872 inundantibus
614 802 827 892 comparari,
853 799 1064 872 tralaticium
1079 797 1129 870 est
1146 819 1171 873 c.
1202 802 1276 875 Un-

127 889 257 984 deest,
283 895 377 986 quod
394 897 436 966 de
454 897 590 987 impetu
604 897 790 970 invasionis
807 895 960 984 hostilis,
985 895 1105 969 omnia
1119 919 1277 990 petrum·

125 992 241 1084 pentis
252 1043 263 1078 ,
288 991 506 1084 frequentari
531 993 640 1064 soleat
660 1005 677 1060 d
695 993 765 1066 hoc
783 995 944 1066 verbum.

225 1093 256 1179 §.
272 1087 431 1160 XXXlll.
465 1089 551 1160 Haec
572 1095 687 1180 prime
712 1091 947 1179 expeditionis
971 1088 1159 1182 descriptio
1174 1111 1277 1182 quam

125 1183 249 1260 exacte
272 1184 443 1272 historiae,
478 1205 522 1258 ex
545 1185 694 1274 Polybio
710 1222 723 1260 e
740 1184 834 1256 facili
852 1187 1017 1281 cognitu,
1044 1185 1275 1280 respondeat,

123 1283 327 1369 neminem,
350 1280 411 1354 nist
426 1281 462 1352 in
477 1279 630 1354 Historia
644 1283 837 1375 hospitem,
863 1283 960 1355 latet.
990 1281 1158 1372 Seleucia,
1174 1305 1278 1375 quam

123 1381 308 1470 hucusque
323 1377 486 1470 ptaefidiis
509 1376 574 1451 suis
589 1395 798 1472 occupatam
814 1394 1003 1452 tenuerant
1017 1401 1116 1478 reges
1135 1382 1277 1476 Aegyp·

96 1481 106 1495 ⁸
123 1478 167 1564 ti,
177 1497 241 1569 per
257 1476 373 1572 ieepyie
389 1485 413 1583 d
427 1479 525 1564 lilerio
540 1479 707 1576 ergo-adonio
723 1501 828 1550 ocrem
842 1478 1078 1571 violentiamque
1087 1476 1275 1572 impetnmf,

123 1575 170 1646 ab
193 1574 357 1646 omnibus
378 1576 600 1667 undiquaque
622 1572 774 1662 latium,
800 1574 901 1648 brevi
928 1591 1119 1666 occupata,
1153 1575 1207 1663 δι,
1232 1576 1276 1646 ir·

9 1711 10 1726 r
121 1668 294 1762 ruptione
317 1670 354 1744 in
376 1669 598 1764 Coelesyriam
613 1670 729 1762 falla,
756 1669 986 1748 Ptolemaidem
1003 1695 1043 1744 ac
1065 1669 1189 1767 Tyrum
1204 1671 1278 1745 levi

9 1781 11 1802 ⁸
123 1768 276 1936 negotio
301 1789 365 1860 per
385 1768 606 1843 deditionem
627 1768 812 1844 'lheodoti
830 1769 951 1842 Aetoli
968 1755 1175 1862 Coele-syriae
1190 1791 1278 1862 prte-

122 1863 160 1938 fe
196 1867 206 1935 i
230 1863 348 1958 cepit,
373 1861 575 1938 Damascum
591 1865 804 1959 improviso,
831 1871 1083 1964 impetimini,
1100 1869 1178 1940 ulus
1194 1865 1275 1942 stra·

123 1975 299 2059 tagemate
321 1999 364 2058 g,
388 1965 526 2057 rapuit,
552 1966 702 2057 reliquas
719 1965 882 2038 civitates
898 1963 1109 2056 Coele-l'yriae
1127 1965 1159 2037 de
1178 1964 1276 2038 Phoe·
1383 1965 1386 1972 '

9 2073 11 2130 ῑ
123 2061 226 2138 niciae
250 2081 409 2157 magnam
433 2077 592 2154 partem,
620 2063 678 2135 vel
699 2061 900 2151 deditione,
927 2083 968 2133 ex
985 2079 1082 2135 metu
1095 2061 1274 2152 instituta,

9 2165 11 2204 ³
123 2159 182 2230 vel
206 2157 241 2230 vi
266 2157 302 2231 in
324 2157 419 2232 suam
441 2159 576 2253 redegit
599 2157 811 2251 potestatem
833 2159 872 2244 n,
906 2153 1032 2228 Dorom
1049 2178 1161 2250 usque
1179 2179 1275 2232 arma

9 2269 11 2356 ζ
121 2251 284 2328 nidificia
303 2253 573 2326 circumferens.
624 2253 699 2324 Ubi
714 2251 815 2327 finita
831 2251 883 2324 est
897 2254 1099 2344 expeditio,
1125 2270 1276 2346 quatuor
1373 2337 1380 2345 ,

120 2349 298 2426 menfium
320 2347 468 2420 induciis
484 2345 610 2440 paliis:
638 2347 802 2441 quando,
827 2344 982 2441 prafidit's
999 2352 1075 2420 locis
1089 2355 1276 2445 opportunis

10 2515 11 2526 ,
119 2443 302 2546 impofitis,
328 2441 372 2526 &⁹
396 2449 537 2518 omnium
558 2467 665 2516 rtrum
687 2467 766 2518 coro
791 2441 1139 2531 Thiodamanta,
1167 2445 1277 2520 Seleu.

10 2619 12 2638 f
122 2552 209 2624 ciam
233 2567 304 2616 cunt
325 2546 424 2637 copiis
444 2538 656 2637 reversutest
677 2545 701 2616 t,
753 2540 945 2616 Testantur
962 2565 1103 2635 quoque
1125 2543 1168 2615 de
1183 2544 1275 2617 cele·

10 2651 11 2666 ¹
120 2643 230 2718 ritate
253 2641 286 2715 δι
310 2637 478 2712 facilitate
500 2639 603 2731 hujus
627 2640 860 2734 expeditionis
876 2637 1054 2714 Historici.
1104 2640 1275 2716 Proditio-

11 2757 12 2834 j
122 2761 170 2817 ne
192 2737 378 2815 Theodoti
400 2736 544 2823 Aetoli,
570 2737 714 2830 ejusque
735 2737 981 2833 acceptatione
1003 2739 1046 2811 ab
1064 2737 1272 2827 Antioche,

122 2851 283 2924 narrat&
309 2833 488 2930 subjungit
510 2831 676 2925 Polybius
699 2837 736 2926 k,
762 2845 893 2931 ταχεῖαν
912 2839 1073 2931 ἐλαμβοινε
1088 2835 1124 2907 *to*
1137 2836 1274 2932 npoiyptot

12 2931 13 2960 ³
123 2946 174 3020 mle
201 2937 364 3028 οἰκονομίαν
386 2953 437 3003 rer
459 2935 552 3004 brevi
573 2945 708 3026 tempore
724 2939 847 3006 exitum
862 2935 1001 3020 ,labaim
1028 2931 1205 3007 dehac&
1225 2933 1275 3006 se·

12 3035 13 3038 ’
123 3045 258 3128 quente
282 3028 507 3121 expeditione
529 3029 679 3107 locutus.
740 3029 946 3117 Antiochus,
985 3053 1043 3102 rex
1076 3028 1201 3126 Syrio,
1234 3042 1274 3105 ut
1357 3089 1362 3092 .

124 3127 250 3225 Justini
271 3125 281 3180 t
304 3127 421 3200 verbis
436 3129 472 3198 in
488 3148 564 3200 rem
579 3127 668 3218 aptis
685 3128 914 3216 concludam,
935 3130 1039 3198 veteri
1053 3131 1140 3198 inter
1145 3125 1184 3222 se
1203 3152 1274 3224 reg-

123 3248 240 3302 norum
262 3224 329 3296 otilo
346 3220 540 3314 stimulante
561 3221 677 3316 (quod
699 3227 812 3296 verbo
827 3249 898 3294 mm
914 3243 1056 3316 quoqne
1071 3224 1274 3298 involutum
1341 3297 1348 3306 ,

126 3321 198 3423 est)
222 3327 387 3418 repentino
404 3323 482 3394 bello
496 3322 617 3395 multas
633 3319 726 3392 urbes
741 3319 810 3413 ejus
829 3317 1054 3416 (Ptolemaei)
1070 3317 1223 3414 oppreffit:
1336 3397 1341 3408 ,

1057 3433 1090 3517 §.
1106 3427 1270 3502 XXXIV.

164 3646 248 3708 art.
271 3661 381 3708 xvrrr:
407 3661 452 3720 13.
575 3644 669 3724 bJes.
695 3661 783 3706 vrit:
808 3647 835 3706 8.
953 3658 968 3704 t
994 3643 1063 3704 Vld.
1089 3646 1161 3708 lbld.
1183 3657 1212 3705 et
1234 3647 1273 3707 lbi

131 3723 175 3786 Cl.
194 3729 335 3802 Vitringa.
414 3745 417 3753 ·
436 3726 455 3784 ri
478 3722 545 3784 Vld.
560 3723 607 3817 Pl.
620 3741 751 3784 xtvrrr:
766 3724 861 3860 pstor.
876 3735 944 3781 xxx:
959 3727 986 3784 8.
1003 3725 1069 3785 Ain.
1084 3743 1115 3784 v:
1136 3739 1181 3796 17.
1193 3725 1268 3783 Nah.

133 3820 197 3864 111:
215 3823 261 3876 19.
283 3805 347 3884 Job.
364 3817 414 3863 xv:
434 3821 479 3876 19.
496 3815 526 3863 et
540 3801 608 3862 alrbt
725 3821 738 3860 t
758 3805 799 3862 Ht
825 3801 859 3858 .l.
875 3817 901 3858 v.
914 3817 941 3874 p.
964 3806 1028 3875 563.
1140 3801 1164 3878 f
1173 3803 1273 3880 Polyb.

20 3877 25 3886 “
132 3883 204 3943 illst.
227 3883 245 3942 l.
266 3901 293 3941 v.
310 3902 338 3959 p.
354 3887 420 3957 563·
559 3881 855 3960 gPolyaen.‚strat.l.
874 3895 917 3937 rx.
936 3899 959 3939 c.
982 3895 1026 3952 15.
1129 3881 1148 3945 lt
1170 3883 1271 3956 Polyb.

133 3959 150 4017 l.
166 3979 189 4018 c.
206 3981 233 4037 p.
260 3967 326 4034 566.
438 3959 697 4040 ild.lb.p.571.
788 3961 1017 4038 ,Mb-Pill-
1166 3961 1272 4024 lliill.

132 4035 231 4102 Lm
251 4055 275 4100 c
291 4056 318 4102 1.
