3418 4754
394 389 1385 516 4racoMMENTAR1Us

397 571 457 652 sed
477 574 612 652 infelici
637 572 810 651 luccesse.
835 575 870 650 dc
893 593 932 646 re
946 570 1074 646 iniciia
1090 573 1234 648 domum
1254 589 1406 670 repetet.
1457 573 1548 676 Quae

400 678 492 748 vivis
522 672 697 746 coloribus
727 671 906 745 Ptolemaei
937 669 1150 768 Euergetis,
1184 668 1243 742 srlii
1275 673 1551 766 Philadelphi&

401 773 519 847 fratris
530 771 840 866 Berenices,regis
850 773 1026 866 Aegypti,
1043 769 1304 863 expeditionem
1324 769 1552 847 felicrssimam

404 870 438 944 tc
460 865 722 963 rapidiffimam‚
745 867 930 960 multoque
946 868 1003 938 vcl
1021 871 1119 938 nullo
1134 867 1203 940 sine
1220 868 1340 940 labore
1354 869 1568 964 peraiiam,¹

402 969 438 1041 in
466 987 614 1062 regnum
635 966 938 1056 septentrionale,
975 963 1033 1035 scu
1060 964 1461 1054 Syro-Macedonicum,
1489 969 1551 1041 iub

402 1067 553 1139 Seleuco
572 1059 764 1146 Callinico,
789 1059 863 1134 filio
888 1061 1058 1134 Antiochi
1076 1061 1142 1132 Dei
1158 1083 1201 1134 err
1221 1061 1395 1152 Laodice,
1422 1066 1458 1138 in
1476 1067 1566 1146 vius

402 1160 529 1236 didam
558 1160 654 1233 necis
685 1157 898 1247 Berenices,
942 1158 1147 1253 depingunt.
1215 1159 1424 1234 Ptolemaeus
1457 1167 1566 1242 enim.

402 1257 619 1354 Euergetes,
651 1253 1000 1352 ingentexcontrailo
1023 1257 1200 1338 exercitu,
1235 1255 1391 1332 citillrme
1419 1260 1455 1330 in
1478 1280 1555 1355 reg·

404 1379 489 1432 nurn
513 1357 693 1448 Syriacum
714 1354 836 1439 irruit,
862 1369 1050 1446 totumque
1072 1349 1149 1426 fere
1170 1353 1268 1426 brevi
1294 1373 1458 1448 ternpore
1481 1355 1553 1432 sine

407 1456 522 1528 multo
544 1473 675 1545 opere,
708 1451 847 1544 populis
870 1452 1002 1542 ubique
1024 1450 1067 1524 ad
1082 1473 1165 1524 eum
1183 1449 1452 1542 deficientibus,
1480 1469 1554 1527 tan.

406 1569 476 1626 turn
498 1550 593 1624 enim
617 1551 671 1621 vel
694 1553 747 1620 iili
766 1545 962 1644 (Seleuco)
982 1548 1087 1620 adium
1103 1539 1312 1642 parricidiale
1321 1548 1450 1645 scelus,
1477 1573 1558 1624 ver·

404 1651 458 1724 bis
481 1665 565 1722 utor
589 1643 736 1739 Justrni,
769 1650 822 1719 uel
843 1649 917 1718 huic
939 1644 1175 1741 (Ptolemaeo)
1185 1643 1341 1737 favorem
1356 1649 1490 1743 indigua
1502 1664 1556 1744 pc·

404 1760 535 1838 rempta
558 1764 642 1816 mars
654 1739 807 1836 fruaris,
846 1745 1042 1834 adtulerat,
1081 1745 1302 1836 occupavit;
1341 1763 1556 1839 occupatum

405 1841 568 1936 praesidiis
582 1839 648 1912 suis
665 1835 829 1914 firmavit.
878 1837 964 1938 Quo
979 1837 1095 1926 fadio,
1120 1841 1267 1916 domurn
1280 1841 1555 1942 cpmoblidibus

407 1940 441 2014 tr
464 1934 604 2010 infinito
628 1933 740 2028 spolio
761 1936 942 2026 reversus,
981 1936 1145 2032 suamque
1166 1939 1261 2014 illam
1283 1937 1492 2031 potestatem
1516 1933 1578 2018 in'

408 2055 558 2130 regnum
588 2031 770 2124 Syriacum
796 2034 977 2108 nonnullis
1007 2039 1105 2108 annis
1129 2039 1238 2110 tuitus
1259 2035 1322 2111 est.
1379 2035 1564 2120 Tentavit

406 2133 547 2228 quidem
576 2129 744 2204 Seleucus
767 2127 975 2217 Callinicus,
1004 2132 1196 2207 Ptolemaeo
1218 2134 1351 2209 bellum
1374 2133 1564 2227 inferens„

406 2251 557 2322 regnum
581 2227 655 2318 ejus
677 2231 866 2321 invadere,
891 2229 924 2302 dc
949 2230 982 2303 ei
1004 2231 1099 2302 vices
1122 2230 1342 2326 rependere,
1369 2231 1428 2306 sed
1451 2235 1556 2308 uiiiut

402 2333 517 2427 prelia
531 2327 674 2422 trepidus
689 2324 918 2412 Antiochiam,
944 2341 985 2399 ut
1001 2325 1155 2419 Justinus
1168 2330 1238 2418 ait,
1251 2326 1415 2426 confugit.
1445 2330 1555 2431 Quae,

406 2427 603 2502 summatim
627 2437 784 2512 narrata,
818 2425 949 2500 nemini
973 2445 1046 2498 non
1067 2446 1109 2498 err
1131 2423 1283 2500 Historia
1298 2425 1565 2510 suntrestanrtt

405 2547 472 2600 rna.
524 2521 642 2620 Quare
670 2519 816 2616 digitum
833 2520 1010 2594 adfantes
1026 2521 1211 2597 intendilie
1228 2521 1420 2600 suffecerit.
1473 2528 1554 2624 Agi-

410 2639 469 2697 tur
491 2621 534 2693 de
557 2621 597 2692 iis
620 2621 785 2692 omnibus
807 2618 900 2712 apud
920 2617 1111 2711 Appianum
1135 2657 1175 2708 a,
1200 2617 1374 2718 Judr'nurn
1396 2629 1440 2708 b,
1467 2625 1564 2708 driu,

407 2731 607 2794 rnanurnerrta
632 2713 837 2800 Adulitana,
863 2737 934 2808 quo
958 2715 1139 2812 Euergetis
1153 2718 1401 2810 expeditiones
1414 2721 1553 2795 conser-

410 2837 500 2891 vacae
520 2812 620 2898 sunt,
647 2813 739 2902 apud
761 2811 924 2885 Cosmam
951 2811 1253 2906 lndicrpleusten:
1279 2833 1294 2873 ⁶
1315 2819 1549 2894 meminerunt

409 2917 538 2999 etiam,
561 2921 688 3082 prseter
710 2909 991 3001 Hieronymum,
1016 2911 1182 3006 Polybius
1206 2912 1243 3004 d,
1275 2911 1461 3005 Polyaenus
1482 2915 1548 2991 ⁸&

430 3011 488 3083 ose
515 3011 577 3081 hus
615 3059 623 3075 .
1317 3075 1320 3084 .

408 3009 428 3106 J
458 3032 585 3195 §pXV.
612 3103 740 3180 Eamus
762 3123 860 3178 nunc
879 3125 941 3199 per
961 3103 1112 3202 singula,
1146 3107 1198 3196 dc,
1232 3108 1431 3202 Prophetiae
1450 3133 1551 3208 quam

408 3201 529 3278 exacte
547 3203 740 3276 conveniat
760 3199 935 3289 Historia,
959 3205 1075 3299 paucis
1086 3204 1377 3284 demonstremus.
1426 3209 1551 3306 Etjlu

406 3297 479 3390 dit,
503 3302 617 3393 inquit
638 3300 846 3393 prophetia,
872 3325 911 3373 arc
926 3299 1060 3392 surcula
1083 3305 1228 3376 radicum
1251 3302 1433 3402 ejusjlirpt
1449 3313 1552 3383 abara-

407 3405 525 3486 lrranr,
559 3419 675 3496 regem
700 3399 856 3493 aegypti
880 3419 925 3470 err
950 3400 1094 3486 cadem,
1134 3422 1174 3473 ac
1195 3400 1411 3494 Berenicen,
1444 3405 1551 3501 stirpe

409 3498 620 3583 oriundum,
655 3495 884 3588 Philadelpho
907 3496 1161 3582 luccellurum,
1197 3501 1419 3597 depingens,
1445 3526 1549 3598 quem

408 3619 515 3672 nemo
536 3617 610 3670 non
634 3594 738 3668 novit
758 3592 827 3666 elle
847 3591 1057 3667 Ptolemaeum
1071 3591 1288 3691 Euergetrrrr,
1313 3619 1389 3674 non
1405 3597 1550 3680 fratrem

1442 3699 1552 3776 Phila·

446 3859 463 3898 a
486 3837 546 3916 Syr.
570 3855 596 3912 p.
621 3821 687 3896 err.
785 3838 841 3896 lrl.
863 3855 950 3899 xvrr.
973 3849 1006 3898 c.‘
1024 3859 1048 3911 1,
1074 3857 1101 3901 2.
1183 3844 1252 3902 cln
1274 3857 1384 3920 topogr.
1408 3845 1508 3907 Christ.
1527 3847 1545 3906 l.

410 3933 454 3974 11.
478 3920 505 3974 iri
526 3915 635 3974 called.
659 3933 726 3974 nov.
750 3916 951 3978 Montfaucon.
974 3931 994 3979 t.
1018 3937 1062 3980 11.
1085 3939 1113 3995 p.
1138 3937 1203 3992 141.
1291 3923 1403 3984 dHist.
1427 3925 1444 3984 l.
1467 3943 1494 3984 v.
1515 3943 1543 4004 p.

407 4001 473 4065 561.
571 3993 691 4077 estrat.
714 3995 731 4056 l.
756 4011 842 4058 vrri.
865 4013 894 4092 c..
914 4015 960 4071 50·
1051 3995 1190 4078 fcontra
1210 3999 1287 4080 app.
1309 4001 1328 4064 l.
1353 4019 1397 4064 rr.
1419 4002 1445 4082 i.
1462 4017 1488 4076 5.
