3462 4792
432 391 1419 509 ,os-usrssanranronue

258 629 261 638 ·
298 582 339 676 ,⁴
432 594 610 696 militaris,
636 605 724 680 aiter
748 603 912 702 regias&
935 599 1123 700 pacificus,
1163 569 1219 673 iiie
1242 621 1305 696 per
1326 599 1499 711 lapidem,
1525 599 1578 673 bia

331 1519 332 1522 =
432 1470 545 1566 ipsum
576 1492 735 1567 regnum.

429 727 496 800 per
519 721 678 780 montem
705 703 910 776 delineatus.
975 699 1078 792 Lapis
1107 697 1144 769 in
1169 698 1325 771 Statuam
1348 709 1509 784 irruens,
1544 695 1581 767 dt

432 822 511 875 eam
536 801 761 887 subvertens,
793 797 954 871 hostilem
981 798 1015 869 dt
1037 791 1239 868 bellicosum
1261 793 1298 866 in
1317 813 1462 903 regnum
1477 812 1579 886 quar·

399 907 403 918 ’
432 896 509 971 t'um
540 899 713 992 impetum
742 895 833 967 clare
859 894 907 967 ob
936 893 1059 965 oculos
1082 891 1208 982 pouit;
1241 889 1401 982 adeoque
1424 887 1601 964 sormam·

457 993 544 1066 uinti
574 993 672 1089 regni
694 993 869 1084 bellicosam
894 989 1068 1081 exprimit.
1125 985 1191 1058 Cui
1215 981 1366 1082 canseffas
1388 985 1595 1078 &process

432 1018 491 1162 Lus
513 1089 702 1180 judicialis,
726 1109 767 1159 re
792 1108 877 1159 num
896 1086 1056 1179 quintum
1079 1081 1300 1176 precedens,
1327 1097 1403 1173 eap.
1421 1103 1483 1154 vu.
1507 1083 1578 1173 pla·

434 1205 480 1274 ne
508 1185 709 1277 respondet.
766 1111 823 1258 Lx
849 1203 919 1274 quo
943 1181 1041 1254 simul
1065 1177 1252 1265 elucescit,
1292 1179 1478 1252 militarem
1500 1177 1575 1250 sor·

431 1303 524 1357 mam
554 1282 671 1352 verius
693 1277 763 1351 esse
785 1279 884 1374 regni
906 1279 1018 1370 quinti
1037 1279 1324 1370 preparatorium,
1358 1295 1461 1367 quam
1479 1271 1577 1370 effin-

433 1383 572 1466 tiaiem,
598 1383 689 1450 uiam
707 1377 755 1448 'ad
775 1394 813 1446 re
839 1396 923 1447 rrum
943 1371 1026 1446 iliud
1050 1370 1272 1444 condendum
1293 1373 1444 1463 potius,
1469 1393 1574 1464 quam

802 1397 911 1567 {uod
932 1467 992 1543 etsr
1021 1465 1161 1562 Lapidis
1186 1467 1218 1538 &
1246 1467 1382 1540 Montis
1404 1467 1575 1562 imagines

433 1569 528 1641 haud
541 1567 688 1643 obscure
706 1566 914 1654 exiribeant3
943 1563 1063 1656 judicii
1085 1581 1202 1636 tamen
1224 1561 1402 1636 Divinitus
1419 1583 1576 1654 pronun·

422 1665 540 1751 ¹ciati,
567 1664 600 1735 dt
625 1663 826 1736 executioni
848 1662 1020 1748 mandati,
1045 1659 1199 1765 illudqqe
1228 1657 1338 1731 secuti
1360 1659 1461 1755 regni
1483 1655 1576 1732 Filio

419 1758 583 1834 nominis
607 1759 704 1848 dati,
751 1757 960 1831 emblemata
988 1773 1087 1830 extra
1117 1753 1390 1829 controversiam
1420 1769 1573 1848 ponunt.

433 1853 598 1950 Regnum
621 1857 738 1946 itaque
753 1858 922 1948 quintum,
949 1852 973 1924 sr
988 1851 1030 1923 ad
1047 1872 1167 1926 veram
1182 1853 1256 1944 ejus
1272 1865 1429 1926 naturam
1446 1851 1480 1924 dt
1500 1852 1573 1926 for.

434 1973 529 2024 mam
553 1950 731 2044 respicias,
764 1971 861 2037 non,
899 1949 960 2021 nisr
981 1951 1094 2044 regnis
1115 1949 1254 2040 reliquis
1276 1946 1473 2035 destruitis,
1504 1948 1574 2038 eri·

315 2075 320 2082 ·
432 2061 606 2144 geretur,
643 2045 802 2138 adeoque
824 2065 888 2138 per
909 2042 1078 2132 Mentem,
1118 2042 1246 2118 &non
1268 2067 1332 2138 per
1355 2043 1512 2140 Lapidem
1534 2045 1573 2118 in

430 2144 574 2236 priore,
612 2140 645 2214 dt
666 2163 729 2234 per
752 2141 934 2237 Regnum,
953 2137 1057 2226 ,Filio
1077 2139 1228 2213 hominis
1250 2141 1394 2228 datum,
1419 2161 1491 2214 non
1506 2159 1574 2233 pet

434 2235 629 2312 consessum
647 2237 868 2331 judicialem,
900 2237 936 2310 in
961 2233 1155 2330 posteriore
1177 2235 1284 2324 viso,
1299 2237 1368 2311 suit
1384 2235 1583 2330 expidtum

433 2339 606 2410 Attamen
623 2385 636 2424 ,
660 2356 742 2409 cum
764 2355 951 2432 regnorum
972 2333 1118 2407 aliorum
1135 2331 1321 2408 destrudio
1333 2339 1459 2428 partim
1474 2335 1576 2430 regni

295 2497 301 2500 ,
431 2431 544 2525 quinti
569 2431 725 2527 erigendi
740 2431 838 2506 causa
855 2428 977 2517 fieret,
1003 2430 1036 2502 dc
1054 2450 1099 2502 eo
1114 2429 1341 2518 collinearet,
1366 2429 1450 2502 inid
1466 2432 1574 2505 etiam

431 2531 565 2615 exiret,
590 2533 712 2621 partim
732 2551 751 2599 a
772 2527 926 2622 populo,
958 2546 1001 2597 ex
1025 2547 1095 2617 quo
1118 2547 1265 2622 regnum
1290 2527 1448 2618 quintum
1464 2527 1573 2599 orire·

431 2640 510 2712 tur,
535 2639 780 2718 perageretur,
805 2623 931 2716 partim
953 2623 1049 2714 regni
1072 2619 1166 2694 istius
1191 2621 1381 2714 primordia
1405 2639 1492 2695 tunc
1517 2622 1574 2696 fo·

430 2721 514 2792 r'ent
535 2717 743 2811 conspicua3
775 2738 923 2811 regnum
948 2719 1107 2807 quintum
1125 2718 1196 2808 jam
1219 2719 1426 2807 tunclinitia
1441 2719 1572 2791 habere

433 2812 502 2885 dici
523 2825 683 2906 poterat,
710 2811 1003 2905 quemadmodum
1028 2833 1205 2908 c.11:44.
1236 2819 1425 2910 temporibus
1439 2818 1589 2890 illamam.

429 2931 544 3004 regum
567 2912 719 2980 excitabit
741 2908 834 2980 Deus
856 2931 992 3001 regnum
1013 2911 1100 2996 caii,
1135 2910 1294 2985 habetur.

483 3009 515 3094 ς.
533 3003 585 3078 V.
612 3004 668 3077 Ad
693 3003 767 3076 haec
783 3005 841 3098 qui
859 3003 1010 3077 animum
1032 3003 1246 3096 adverterit,
1272 3009 1300 3080 is
1314 3009 1431 3098 nullo,
1456 3009 1492 3083 ni
1507 3007 1571 3083 sai·

432 3103 510 3189 lor,
535 3101 682 3196 negotio
703 3097 919 3194 perspexerit
955 3121 985 3173 r.
1002 3097 1163 3193 Lapidis,
1189 3102 1225 3176 in
1248 3104 1401 3180 Statuam
1417 3106 1573 3182 inciden-

433 3200 504 3286 tis,
547 3199 580 3272 dt
616 3193 771 3293 proceffm
799 3196 969 3286 jndicialis
1003 3198 1224 3273 emblemata·
1241 3197 1301 3274 stbi
1330 3199 1571 3294 respondere3

434 3293 728 3388 quemadmodum
743 3297 879 3378 montis,
905 3313 949 3365 ex
965 3293 1077 3386 lapide
1094 3293 1321 3371 destrudtorio
1338 3299 1428 3386 orti,
1455 3297 1575 3394 &reg-

431 3399 469 3462 ni
491 3389 579 3464 silio
601 3389 770 3477 hominis,
796 3387 874 3482 post
892 3389 1061 3478 judicium
1084 3391 1118 3464 in
1142 3390 1264 3467 bestias
1285 3391 1377 3484 dati,
1402 3395 1570 3493 imagines

430 3485 546 3561 secum
572 3486 814 3579 comparanda
830 3483 916 3558 sunt.
953 3508 984 3560 2.
1003 3483 1182 3582 Lapidem,
1208 3489 1243 3561 in
1264 3489 1420 3566 Statuam
1434 3495 1572 3568 irruen-

430 3602 502 3658 tem
526 3585 560 3656 &
583 3603 658 3657 earn
680 3598 925 3666 evertentem,
951 3603 1023 3656 non
1048 3581 1115 3656 esse
1138 3585 1236 3680 regni
1253 3583 1400 3676 trena,
1426 3588 1470 3661 sse
1488 3612 1571 3682 pro.

429 3679 503 3774 prie
518 3675 617 3767 attii,
642 3677 832 3768 pisturam,
860 3678 1084 3769 sedmontem,
1110 3680 1146 3752 in
1165 3703 1269 3772 quem
1286 3685 1464 3770 excrevit,
1488 3685 1569 3777 post

426 3771 637 3849 destrusium
653 3773 842 3849 Colossum.
868 3772 970 3868 Lapis
992 3777 1034 3848 ad
1049 3775 1177 3848 uteffiae
1196 3797 1365 3874 regnum,
1392 3799 1567 3874 quatenus¹

423 3895 468 3946 ex
486 3892 530 3944 eo
554 3871 697 3964 repetiit
718 3871 912 3966 originem,
938 3887 1074 3950 tantum
1099 3872 1271 3968 pertinet3
1297 3875 1463 3970 ejusque,
1490 3899 1566 3952 non

1506 3973 1569 4049 mu
