3462 4770
358 419 423 474 au
462 392 849 528 partemin
882 389 1216 484 DANIELIS.
1289 431 1358 510 203

203 593 315 687 perio,
339 593 496 690 regense
520 607 682 667 tenerum
705 599 844 669 omnium
865 617 903 668 ue
924 595 1037 668 mundi
1058 599 1219 688 adpellari
1235 594 1354 694 jnffit,

201 707 244 760 ut
264 689 373 762 tradit
393 691 478 783 Just.
500 712 583 765 xrs:
614 695 668 764 16.
695 692 728 764 ἃ
751 691 856 783 enise
879 695 938 764 nni
962 690 1123 788 devoviffe
1151 694 1235 769 dicit
1259 691 1351 788 apud

200 781 302 864 Cart.
326 807 374 860 rx:
395 791 431 860 6.
457 801 533 862 tum
554 793 626 873 iro,
654 788 689 860 in
718 789 838 881 primis
856 790 895 863 in
920 786 1033 860 Persas
1059 809 1251 884 concepta,
1278 796 1345 889 agi·

201 881 314 966 tavit,
340 884 376 956 tc
398 887 433 956 in
455 885 585 975 quaevis
607 885 762 975 pericula
784 883 958 978 intrepide
979 887 1155 977 conjecit:
1182 890 1344 979 quodex

197 976 275 1065 ejus
301 977 441 1052 historia
463 978 513 1052 est
534 978 792 1055 testatiffimurn.
843 981 949 1070 Cujus
972 982 1078 1055 animi
1103 984 1253 1075 primum
1283 983 1343 1056 de·

197 1073 253 1144 dit
273 1075 463 1161 indicium,
489 1099 589 1162 cunr,
617 1077 699 1150 navi
719 1078 763 1148 ad
787 1076 875 1150 nfiae
896 1079 991 1150 littus
1009 1079 1162 1168 primurn
1182 1080 1341 1172 adpulsa,

195 1171 396 1260 tripudianti
424 1168 538 1256 fineilis
565 1173 609 1242 de
642 1178 725 1244 noui
754 1187 901 1243 armatus
928 1169 1089 1266 profilnz't.
1114 1171 1199 1263 Just.
1227 1197 1278 1247 rx:
1306 1197 1342 1262 5.

196 1263 281 1352 qui,
307 1285 390 1339 eum
411 1269 592 1337 incredibili
613 1269 723 1338 ardore
746 1273 864 1338 mentis
885 1265 1049 1357 accensum
1071 1263 1213 1361 ueniffe,
1237 1270 1342 1356 adda.

198 1355 332 1430 Deire
354 1373 442 1434 vero
463 1362 500 1432 in
522 1361 635 1433 Persas
651 1363 688 1435 in
702 1361 882 1455 superiore
896 1361 1132 1436 dillertatione
1146 1362 1227 1436 dixi.
1261 1365 1344 1460 Spe·

196 1453 332 1530 cimina
358 1455 540 1531 &effetis
566 1457 667 1546 hujus
699 1458 927 1550 cupiditatis,
959 1460 991 1530 dr
1016 1461 1069 1530 vis
1099 1458 1341 1550 potentillimae

195 1571 284 1623 mox
308 1549 498 1646 proferam.
555 1553 623 1626 Sed
644 1556 680 1628 in
703 1553 848 1649 specie,
879 1576 925 1627 ne
947 1553 991 1626 de
1013 1555 1231 1648 generalibus
1257 1557 1340 1644 belli

193 1644 454 1734 instrumentis,
481 1649 639 1722 laedendo
663 1649 930 1724 &destruendo
956 1654 1067 1744 aptis,
1097 1651 1180 1741 quid
1202 1652 1339 1742 dicam,

192 1743 305 1817 denter
327 1747 369 1818 ad
393 1751 522 1820 comites
544 1747 707 1835 &duces,
734 1769 858 1842 angues
880 1767 968 1819 vero
987 1746 1029 1818 ad
1049 1745 1199 1835 milites,
1226 1765 1338 1824 utros-

191 1861 261 1932 que
284 1839 547 1930 strenurffimos
577 1844 610 1915 u
633 1843 761 1918 eodem
784 1843 905 1935 spiritu
930 1841 1045 1929 anos,
1079 1842 1230 1917 retulilie
1250 1847 1335 1940 quid

190 1937 318 2012 vetat?
349 1939 490 2014 Ducum
514 1939 710 2027 virtutem,
743 1960 785 2010 ex
804 1939 876 2034 ipsa
897 1937 1039 2012 historia
1059 1937 1332 2034 testatiffiruam,

188 2033 346 2126 exprelse
373 2038 529 2109 celebrat
553 2037 673 2127 Polyb.
701 2038 738 2108 in
763 2034 928 2128 Excerpt.
956 2033 1068 2108 Vales.
1086 2057 1120 2128 p.
1142 2055 1198 2125 25.
1224 2062 1332 2131 quem

187 2128 258 2226 legi
282 2131 398 2208 velim,
449 2132 507 2204 De
531 2132 760 2206 Parmenione
784 2153 827 2203 ex
854 2154 905 2226 gr.
931 2129 1030 2204 Curt.
1054 2151 1137 2206 vrrs
1165 2154 1198 2204 e.
1217 2139 1333 2215 innita

180 2222 254 2318 fine
286 2225 375 2321 Rege
404 2230 573 2322 prospere,
604 2250 662 2298 rer
677 2225 749 2318 fine
771 2231 826 2297 illo
847 2231 930 2298 nibil
954 2248 1077 2318 magne
1100 2232 1149 2298 rei
1169 2225 1334 2322 ἕψητε

187 2323 251 2395 ubi
274 2325 381 2396 etiam
401 2345 474 2394 ater
495 2320 643 2414 confilio,
668 2317 955 2404 monsirentur,
983 2322 1114 2390 dicitnr.
1166 2321 1222 2392 De
1243 2330 1331 2396 mili.

188 2421 305 2507 tibus,
338 2419 395 2489 vel
423 2419 543 2512 potius
570 2416 720 2490 totidem
750 2411 1079 2507 militinamogillris
1102 2411 1187 2506 Just„
1211 2438 1267 2491 xr:
1294 2421 1331 2494 6.

96 2559 99 2564 -
185 2514 230 2586 ali
257 2515 316 2587 uid
336 2515 459 2588 addam
482 2513 619 2587 necesse
633 2531 870 2605 quoque'non
885 2507 948 2583 est.
999 2509 1081 2584 Sola
1093 2513 1331 2603 pbolonrMa·

184 2538 356 2686 ceionica
369 2611 568 2707 ungulorum
584 2629 759 2684 aenearum
777 2607 883 2683 lineas
900 2605 1063 2700 praestare
1081 2603 1208 2698 potest.
1237 2606 1328 2688 Cum

183 2727 272 2782 vero
294 2711 402 2782 nutes
425 2709 533 2802 capiti
555 2707 776 2792 adhereant,
800 2707 834 2779 &
856 2725 980 2799 ungues
1000 2703 1158 2798 pedlbns;
1183 2703 1260 2780 illos
1283 2708 1326 2782 ad

181 2807 354 2895 comites,
395 2805 530 2879 hosed
559 2805 687 2878 milites
718 2818 799 2896 apte
827 2801 982 2888 referri,
1015 2797 1139 2893 sponte
1168 2799 1225 2874 sua
1254 2803 1326 2878 elu-

181 2899 255 2974 scit.
304 2901 389 3000 Quo
409 2903 495 2975 facit
520 2908 658 2997 ἑταίρων,
686 2898 719 2972 &
745 2907 964 2994 proximorum
987 2897 1130 2986 titulus,
1155 2919 1226 2988 quo
1248 2901 1325 2975 Ma.

177 2997 331 3164 ccedonas
352 2999 520 3072 isocrates
542 3003 579 3072 in
599 2995 772 3090 Philippo,
797 2997 831 3070 te
853 3002 981 3070 toenites
1002 2994 1195 3068 Alexandri
1219 3015 1324 3074 ornat

213 3110 281 3166 urt.
309 3113 343 3165 xe
370 3116 402 3184 3.
931 3129 934 3136 ·
1308 3135 1314 3152 ·

235 3193 267 3280 §.
300 3186 445 3263 XLVll.
504 3207 537 3279 3.
569 3186 759 3262 Veniamus
790 3189 832 3260 ad
858 3187 1014 3278 facinora
1043 3189 1146 3281 huius
1173 3189 1321 3280 bestia,

178 3307 282 3379 que,
305 3285 359 3359 his
380 3283 544 3360 dentibus
568 3281 602 3353 &
624 3263 804 3377 unguibui‘
819 3301 970 3370 armata,
995 3285 1103 3357 edidit
1124 3285 1321 3360 terribilissi·

178 3403 246 3455 rna.
297 3381 336 3454 ln
358 3384 483 3478 quibus
500 3383 633 3452 tertium
648 3380 723 3469 ejus
740 3378 917 3450 criterium
939 3379 1040 3451 litum
1055 3379 1117 3452 est.
1167 3380 1253 3454 Earn
1269 3381 1321 3452 vi-

176 3477 230 3550 dit
257 3475 382 3554 Daniel
411 3507 430 3553 a
453 3480 606 3551 deuorare
641 3474 675 3546 δι
703 3479 913 3546 comminuere
940 3499 957 3544 a
980 3471 1139 3564 refidnum
1173 3476 1321 3564 pedibus

176 3577 373 3649 conculcare.
429 3605 459 3649 s.
487 3573 583 3646 Prius
608 3569 857 3664 repraesentare
879 3569 1010 3661 opinor
1047 3600 1081 3642 o.
1103 3588 1189 3658 opes
1212 3571 1247 3644 bc
1272 3571 1323 3642 di·

177 3671 278 3743 vitias
299 3671 502 3772 congestas,
541 3674 576 3753 β.
598 3671 798 3743 innumeras
822 3667 856 3737 δι
880 3664 1052 3754 terribiles
1076 3667 1234 3738 bominum
1257 3690 1320 3741 cee-

175 3765 237 3840 des
262 3765 364 3841 fabas
397 3801 432 3866 y.
451 3787 557 3863 regna
579 3768 611 3838 δι
630 3767 780 3858 populos
804 3761 972 3844 sabatius.
1020 3761 1111 3858 Quae
1128 3765 1186 3838 lub
1202 3788 1319 3838 noran-

175 3863 211 3939 n·
231 3865 265 3940 u
285 3863 522 3960 comminuendi
543 3864 755 4031 emblematg
778 3862 907 3949 latere,
940 3859 977 3934 in
989 3855 1134 3955 secunda
1156 3860 1319 4034 dillettag.

769 3979 789 4032 c
816 3979 837 4032 e
1261 3981 1284 4034 ο
1310 4003 1324 4022 ·

344 4107 396 4133 ‘N
