3502 4758
376 462 443 538 152
531 427 1364 518 ossssncnmorsus

373 651 421 704 ne
445 629 585 722 quidem
608 653 675 727 pro
702 651 802 703 cornu
830 628 951 702 haberi
972 625 1115 722 potest,
1147 647 1229 700 curn
1249 623 1335 699 nihil
1357 623 1390 696 ei
1413 619 1522 700 fimile

374 725 593 820 prestiteris,
620 750 686 803 nec
709 727 912 800 arietaverit
933 721 1235 820 quaquaversum,
1269 723 1328 796 sed
1349 722 1525 816 impetum

376 825 476 900 Hirci
499 825 541 898 ad
565 824 660 918 suant
684 825 879 918 perniciem
899 837 1037 896 tantum
1051 819 1163 916 pallus
1184 819 1236 894 stt.
1287 817 1436 892 Darium
1450 819 1525 909 Hy-

376 920 495 1018 staspis
509 920 605 1014 Cyro
627 923 664 996 in
685 941 797 1018 regno
818 919 1035 1014 proferendo
1058 917 1158 992 fuisse
1172 915 1426 1010 superiorem,
1452 939 1526 1008 quo

366 1017 438 1118 ,hic
461 1021 664 1113 respicitur,
690 1039 772 1092 mox
796 1015 1008 1092 observabo.
1060 1037 1093 1108 3.
1119 1015 1272 1088 Aberrat
1289 1012 1444 1106 denique
1458 1013 1526 1086 Vir

275 1157 279 1166 ·
379 1115 532 1210 Magnus
554 1117 591 1191 in
616 1128 768 1208 utroque
791 1116 954 1189 membro
977 1111 1386 1207 exponendo„maxime
1409 1111 1446 1184 in
1461 1131 1529 1204 po-

379 1209 540 1285 steriore.
591 1211 712 1299 Prius,
735 1235 837 1285 uuum
857 1217 959 1284 altius
972 1211 1134 1308 secundo,
1156 1229 1230 1283 non
1253 1203 1440 1304 fignificat,
1457 1212 1529 1304 pti·

380 1332 469 1381 snum
491 1312 594 1380 ullius
604 1305 784 1405 sequente,
813 1305 873 1380 sed
895 1311 1036 1382 alterum
1057 1311 1159 1394 allero
1181 1303 1370 1394 excelliuS,
1401 1319 1441 1378 ut
1461 1303 1530 1398 sty-

381 1406 436 1478 lus
466 1404 634 1481 Hebraeus
666 1405 767 1494 fert,
801 1405 898 1498 quod
919 1427 994 1480 non
1015 1401 1067 1477 est
1094 1404 1268 1501 ignotum.
1325 1400 1394 1476 Cui
1416 1403 1529 1478 robur

383 1501 522 1575 accedit
546 1523 590 1573 ex
610 1500 828 1597 posteriore,
855 1501 914 1574 vel
933 1503 1062 1576 ultimo
1078 1499 1199 1575 versus
1215 1501 1400 1587 membro,
1424 1497 1528 1572 &est-

386 1595 500 1692 celsius
521 1594 682 1692 adscendit
707 1595 892 1694 peslerius,
929 1621 1001 1694 quo
1022 1599 1115 1672 clare
1136 1598 1327 1687 indicatur,
1361 1593 1531 1670 excelsius

385 1693 600 1767 illudcornu
618 1715 691 1768 non
707 1694 776 1767 esse
790 1699 906 1790 prius,
928 1695 987 1768 sed
1001 1693 1158 1792 posserius
1175 1711 1271 1769 ortu.
1320 1691 1404 1767 Vox
1417 1719 1530 1769 nissen

387 1789 573 1866 manifeste
603 1789 646 1864 ad
674 1789 876 1884 praecedens
897 1813 1011 1867 cornu
1034 1815 1156 1880 uuum,
1194 1792 1318 1866 elatius
1348 1789 1533 1880 secundo,

387 1888 567 1982 pertinet,
591 1903 634 1961 us
654 1889 714 1960 vel
734 1887 930 1983 inspicienti
950 1905 1111 1984 apertum
1126 1888 1201 1964 est:¹
1220 1911 1287 1963 nec
1310 1887 1398 1962 ferri
1419 1885 1536 1982 potest

388 1984 663 2078 interpretatio,
699 1981 734 2056 ἀ
755 1983 934 2080 excelsius,
968 1985 1100 2060 scilieet
1127 1987 1190 2062 illo
1215 1985 1369 2060 secundo
1393 2007 1536 2077 cornu,

389 2079 531 2175 aseendit
550 2077 714 2176 poslresnu.
771 2079 864 2157 Cum
889 2085 983 2158 eninr
1007 2105 1083 2159 uno
1103 2097 1229 2158 tenore
1252 2085 1408 2170 dicatur,
1434 2105 1537 2158 unum

390 2173 546 2272 excelsius
568 2179 691 2265 ultera,
723 2177 939 2274 &excelsius
962 2183 1050 2254 sllud
1072 2179 1234 2275 uclseeudt't
1252 2179 1430 2276 posserius,
1461 2183 1539 2277 quis

392 2295 468 2348 non
488 2275 531 2348 ad
553 2272 720 2350 excelfius
742 2275 827 2350 illud
851 2297 960 2354 unum
984 2291 1062 2376 prae·
1077 2279 1190 2352 altero
1210 2277 1401 2352 retulerit?
1433 2276 1537 2354 Cete-

393 2393 473 2446 rum
495 2393 576 2446 curn
599 2369 765 2448 excelsius
782 2373 868 2448 illud
883 2397 998 2451 cornu
1015 2371 1175 2486 peslerius
1192 2371 1363 2472 escendisse
1381 2375 1541 2475 legatur,

394 2469 504 2567 vulgo
526 2469 563 2545 in
588 2491 634 2544 eo
663 2471 772 2544 errari
792 2469 1082 2558 existimavenm,
1109 2473 1204 2564 quod
1224 2474 1284 2545 duo
1307 2495 1442 2548 cornua
1464 2491 1541 2556 sem-

389 2581 468 2662 pore
495 2568 639 2658 aqualia
669 2567 884 2656 habeantur,
918 2591 1001 2644 cum
1021 2567 1180 2663 posterius
1200 2585 1283 2644 ortu
1302 2569 1429 2645 diserte
1450 2572 1543 2646 dica·

393 2679 466 2735 tur.
485 2661 680 2830 s{erbum
705 2665 800 2738 enim
824 2667 911 2754 nis,
936 2663 1117 2760 oclsetudit,
1144 2667 1189 2741 ad
1215 2683 1336 2742 ortum
1358 2668 1544 2764 pertinet,

394 2772 437 2830 ut
458 2779 509 2830 V.
557 2813 566 2830 .
1533 2825 1535 2830 .

315 2921 317 2926 .
443 2857 476 2941 ᾗ.
502 2851 631 2937 LXVI.
656 2853 766 2930 Sensu
789 2857 1004 2948 constituto,
1027 2843 1120 2936 num'
1134 2863 1161 2938 is
1181 2865 1219 2939 in
1234 2863 1379 2940 Darium
1401 2859 1543 2957 Hylas

395 2948 450 3043 pis
475 2954 691 3062 conueniat,
718 2953 925 3031 videamus?
951 2956 1041 3034 Eum
1057 2958 1158 3036 fuisse
1172 2960 1269 3055 Cyro
1291 2961 1543 3058 posteriorem,

395 3066 462 3140 per
486 3043 520 3117 se
542 3048 665 3140 liquet.
714 3047 783 3124 Sed
805 3051 960 3129 fueritne
982 3079 1081 3130 cornu
1103 3059 1252 3132 elatius?
1277 3061 1375 3135 sorte
1400 3081 1473 3136 non
1495 3059 1547 3134 ita

396 3143 530 3217 clarum
551 3143 616 3219 est.
668 3143 811 3222 Virtute
834 3149 1005 3243 heroica,
1041 3159 1218 3250 rebusque
1240 3155 1366 3254 gestis,
1399 3158 1545 3250 aliisque

395 3239 629 3318 laudabilibus
656 3245 878 3338 qualitatibus
908 3272 991 3326 eurn
1020 3249 1117 3348 Cyro
1149 3255 1362 3348 neutiquam
1378 3255 1544 3350 praesule-

395 3339 484 3427 rim;
511 3361 578 3414 nec
598 3340 683 3416 illud
699 3342 758 3416 iric
775 3345 813 3420 in
834 3349 977 3424 censum
999 3352 1111 3426 venit
1161 3349 1298 3428 Verum
1327 3353 1358 3428 ι’.
1371 3353 1409 3428 in
1429 3375 1545 3452 regno

395 3433 633 3512 illustriore&
651 3441 822 3536 ampliore
844 3445 1027 3520 reddendo
1049 3449 1177 3543 primas
1198 3448 1261 3545 ipss
1278 3451 1423 3541 deletos
1445 3449 1545 3546 ‘quod

283 3566 287 3579 ·
358 3567 363 3572 ·
397 3535 551 3644 diuitiis,
567 3535 759 3633 splendore,
784 3543 1068 3636 expeditionibus
1089 3545 1242 3635 bellicis,
1269 3545 1443 3643 &finium
1463 3571 1545 3642 pro·

395 3629 550 3720 latrone,
576 3655 725 3732 regnum
741 3636 921 3714 Persarum
936 3639 1000 3715 sub
1015 3641 1126 3718 Dario
1144 3644 1268 3719 elatius
1284 3643 1413 3734 fuerit,
1441 3667 1546 3739 quam

399 3723 462 3797 sub
495 3725 603 3840 Cyro.
663 3731 721 3805 De
749 3755 821 3826 quo
853 3757 981 3824 nemu,
1015 3739 1074 3832 qui
1104 3739 1147 3812 ad
1172 3739 1270 3814 Darii
1294 3743 1543 3836 expeditiones

399 3820 618 3933 adtendens,
644 3829 679 3901 dc
701 3843 825 3925 gentes
847 3831 935 3906 Afiae
959 3857 1000 3908 ac
1021 3833 1175 3930 Europa
1198 3837 1365 3933 subjelias
1389 3839 1546 3916 conside-

285 4011 289 4020 ·
397 3933 551 4010 raverit,
577 3921 806 4002 dubitaverit.
856 3927 1005 4011 Darium
1026 3953 1089 4011 usn
1106 3941 1300 4033 pauciores,
1323 3961 1421 4034 quam
1437 3937 1545 4034 Cyrus

1467 4040 1546 4110 reli.
