3444 4778
436 357 514 430 '512
620 331 649 405 C
684 327 879 412 ΘΒΜ-Μ
917 314 1098 402 ulls
1136 320 1170 398 A
1205 319 1240 396 R
1273 317 1292 398 I
1324 315 1362 392 U
1390 315 1421 394 S'
1549 334 1556 342 '

429 519 730 598 ‘animadversum
751 517 754 525 '
791 519 875 618 Quo
895 517 1004 592 etlam
1023 516 1127 605 facit,
1160 534 1291 591 vocem
1311 516 1348 590 in
1362 513 1498 616 Lingua
1510 513 1584 594 Ae·

440 618 599 712 ,thiopica
631 641 695 713 pro
718 639 812 712 rege,
852 637 919 690 nec
940 637 1013 688 non
1031 629 1124 709 prore
1149 637 1186 702 r,
1221 613 1399 702 adhiberi,
1432 632 1584 694 notante

441 713 631 808 ludolpho
648 743 677 790 a.
728 715 797 788 Sed
813 711 856 786 ad
871 733 946 786 rem
958 711 1100 808 propius
1117 636 1224 799 ficit,
1249 711 1452 788 violentum
1465 727 1580 806 tymo-

313 855 315 862 ·
441 833 556 900 num,
590 811 867 906 quicervicibus
888 808 1021 882 civium
1045 808 1236 894 incumbit,
1267 829 1399 902 cosque
1423 809 1465 882 ad
1483 813 1581 888 labo·

442 929 521 996 res,
552 910 705 999 tributa,
736 909 795 980 vel
816 909 850 978 dr
869 903 1035 1000 supplicia
1054 906 1178 978 incitat
1199 925 1281 978 turn
1306 906 1478 998 imperio,
1509 910 1581 995 boc

441 1007 548 1080 titulo
571 1005 716 1078 subinde
742 1002 921 1100 inligniri,
952 1000 1023 1074 slve
1045 1001 1087 1075 lit
1108 1000 1309 1094 supremus,
1341 1001 1411 1076 live
1431 1003 1580 1082 inferior

442 1101 655 1176 dominator.
705 1101 761 1175 Sic
776 1107 876 1195 virga
893 1098 953 1172 scu
961 1093 1124 1194 sceptrum'
1139 1098 1293 1170 excurris
1308 1105 1324 1162 i
1339 1103 1522 1193 occurrit,
1546 1101 1581 1180 ft

441 1197 516 1292 ipse
545 1197 790 1272 Chaldaeorum
816 1217 880 1271 rex
908 1194 1036 1270 eodem
1064 1192 1164 1268 sensu
1191 1194 1317 1266 exactor
1337 1197 1533 1290 adpellotur
1553 1195 1584 1276 ι’.

382 1349 384 1354 ,
438 1293 558 1392 Quam
581 1294 755 1394 emphasin
775 1292 810 1366 or
832 1293 1005 1368 hocloco
1026 1289 1278 1368 admittendam
1300 1291 1391 1383 effe,
1423 1293 1512 1392 ficut
1529 1295 1583 1370 se·

438 1392 605 1484 quentia,
630 1393 771 1485 dequo
794 1411 900 1480 mox,
927 1389 1137 1484 requirunt,
1155 1389 1209 1460 ita
1221 1388 1382 1464 facinore
1393 1392 1582 1469 Heliodoui

440 1489 479 1561 in
506 1487 873 1582 Hierosolymitanos,
915 1487 1043 1579 quibus
1060 1483 1243 1561 theburos
1268 1485 1410 1581 Templi
1433 1489 1582 1583 spoliare

436 1587 612 1674 tentavit,
644 1586 781 1685 regium
794 1581 1013 1678 pretendens
1027 1582 1584 1672 mandatun‚adtin1umnune

442 1681 683 1758 illustrandum
712 1679 900 1778 aptissima,
938 1677 1192 1754 demonstrant.
1243 1678 1371 1777 'Quam
1400 1681 1586 1763 historiam
1703 1719 1704 1726 Ν

442 1778 519 1852 fuse
541 1795 678 1854 enarrat
697 1794 800 1852 autor
809 1775 946 1873 secundi
966 1775 1046 1848 libri
1067 1777 1373 1867 Maccahaeorum,
1397 1799 1474 1872 cap.
1494 1801 1580 1855 ιιι.

439 1873 571 1974 Quales
596 1877 753 1952 cautiores
781 1893 920 1966 quoque
941 1873 979 1948 in
999 1873 1113 1948 oculis
1135 1873 1258 1948 habuit
1274 1874 1450 1970 Propheta
1467 1876 1576 1955 Zach.
1703 1911 1704 1958 r

436 1976 487 2047 ix:
512 1979 545 2050 8.
582 1971 735 2068 ludaeos
761 1974 804 2046 ab
821 1971 963 2044 tundore
973 1983 1210 2058 transeunte,
1224 1970 1460 2068 degradatum,
1490 1975 1578 2052 hbe,-

439 2073 569 2145 randos
585 2069 675 2158 elle,
690 2067 910 2164 promittens.
930 2067 1117 2142 Tribuitur
1130 2067 1270 2161 quidem
1286 2071 1323 2143 in
1338 2074 1417 2144 libro
1431 2069 1582 2146 chco
1703 2059 1704 2092 ¹

434 2173 585 2260 cadatis,
613 2170 671 2264 qui
693 2167 845 2262 Josepho
864 2164 1089 2253 inscribitur,¹
1116 2165 1186 2238 hoc
1201 2165 1343 2240 'facinus
1364 2191 1438 2243 non
1460 2167 1581 2246 Helio·

440 2267 552 2357 doro,
579 2267 636 2340 sed
658 2265 853 2362 Apollonio,
876 2263 983 2356 Syriae
998 2262 1178 2336 Phoenices
1193 2263 1228 2336 dt
1244 2261 1375 2340 Ciliciae
1392 2265 1497 2342 duci:
1517 2288 1583 2344 ,ve-

323 2445 329 2454 ,
440 2386 521 2438 rum
545 2367 667 2456 potior
686 2363 737 2435 est
757 2364 886 2435 autoris
902 2362 980 2435 libri
994 2359 1278 2434 Maccabaeorum
1292 2365 1486 2454 autoritas3
1511 2387 1581 2440 ma·
1702 2411 1703 2446 r

440 2463 535 2534 xime
566 2483 648 2534 cum
671 2459 762 2532 haud
784 2443 892 2530 ununi
918 2477 1077 2531 errorem
1097 2455 1312 2531 commiserit
1332 2457 1589 2554 Pseudo-josc-
1702 2449 1703 2474 ¹

437 2559 556 2650 phus,
575 2559 615 2630 dt
638 2577 721 2630 mox
743 2554 960 2630 Antiochum
982 2553 1222 2646 Epiphanem,
1256 2552 1396 2632 Seleuci
1412 2557 1578 2650 fratrem,

435 2654 515 2744 ejus
534 2648 647 2744 filium
668 2652 871 2743 adpellitet,
897 2665 1022 2723 contra
1042 2649 1153 2742 ipsum
1168 2647 1357 2744 Josephum
1370 2657 1409 2744 d,
1433 2653 1579 2748 quista

440 2762 523 2819 trent
542 2745 668 2820 diserte
693 2747 789 2820 dicit.
838 2747 892 2817 Ex
911 2769 980 2838 qua
999 2747 1248 2840 discrepantia,
1278 2749 1419 2844 aliisque
1439 2753 1577 2828 indiciis
1702 2733 1703 2818 i

435 2845 600 2936 ‘pluribus
611 2895 623 2932 ,
633 2865 710 2936 quae
730 2841 941 2938 sagaciter&
956 2843 1092 2916 erudite
1108 2846 1146 2918 in
1160 2844 1314 2920 medium
1329 2846 1574 2944 adtulitmag.
1618 2877 1626 2890 ·

438 2961 493 3014 nte
516 2938 586 3025 spei
607 2939 772 3032 Juvenic,
798 2941 985 3032 discipulus
1000 2941 1084 3014 olim
1098 2963 1213 3028 meus,
1238 2944 1274 3015 iu
1290 2939 1379 3017 flore
1395 2945 1502 3019 aetatis
1517 2949 1576 3022 ab·

438 3053 581 3128 reptos,
607 3059 710 3130 quem
727 3037 873 3110 honoris
886 3035 989 3109 causa
1004 3041 1173 3126 nomino,
1192 3039 1325 3112 isaacus
1341 3041 1530 3118 Touilaint
1542 3073 1576 3134 e,

438 3133 594 3226 spurium
615 3133 682 3206 elic
707 3135 853 3221 librum,
879 3133 1020 3229 Josephi
1047 3157 1179 3215 nomen
1200 3139 1412 3228 mentitum,
1443 3141 1579 3218 vixdu-

438 3231 623 3304 bitandum
639 3234 785 3324 amplius
803 3231 953 3305 videtur.

488 3335 518 3420 §.
541 3327 713 3404 LXXXll.
750 3326 830 3406 Nec
858 3331 1053 3405 violentum
1084 3332 1257 3406 exustorum
1281 3332 1353 3408 sese
1381 3333 1580 3412 civibus&

1470 3432 1591 3514 subdi.¹

480 3643 495 3680 a
519 3623 629 3680 Comm.
658 3619 693 3678 ad
714 3623 785 3681 illst.
809 3623 893 3681 Acth.
915 3639 942 3695 p.
966 3637 1032 3692 223.
1155 3623 1241 3698 hJcs.
1270 3641 1316 3682 rr:
1340 3639 1366 3695 3.

477 3701 635 3776 cJerlxrr:
658 3718 685 3770 u.
813 3702 831 3756 d
853 3701 919 3758 Aut.
947 3697 963 3756 l.
983 3709 1050 3758 rur.
1072 3718 1095 3758 c.
1120 3719 1146 3770 4.
1167 3703 1213 3760 liu.

478 3781 542 3835 clu
559 3777 632 3834 Dias.
654 3779 724 3833 Crit.
747 3793 782 3833 cx
800 3778 946 3836 Schcdnlis
970 3778 1031 3839 eius
1045 3777 1170 3840 consula
1193 3783 1226 3839 ab
1250 3779 1282 3838 Is.
1308 3779 1411 3845 Callai,
1435 3781 1577 3842 consobri-

440 3873 476 3912 no
501 3871 585 3958 cuu',
628 3853 800 3912 Rcrcrcudo
826 3855 853 3913 dt
877 3855 1030 3930 rtgntffimo
1049 3869 1124 3915 nunc
1141 3855 1331 3926 Ecclcsrnllc,
1367 3859 1436 3917 olim
1462 3875 1573 3934 quoquc

441 3933 588 4006 Dirrtpno
608 3949 680 3988 mco.
