3440 4774
289 413 484 496 ·‘m
588 360 1404 510 commentantes

419 597 495 670 tur,
521 585 784 670 attemperata,
819 580 886 650 alio
901 572 997 668 stolis
1019 577 1126 646 aureis
1153 571 1280 644 indutu.
1330 569 1380 645 lta
1403 567 1568 665 Polybius

419 679 511 774 apud
537 679 747 752 Athcnaeum
767 699 806 761 a,
833 675 892 766 qui
915 694 999 746 mox
1013 669 1134 758 addit,
1159 665 1437 762 odjunilasfuiffe
1451 676 1568 765 imagi.

419 798 475 850 nes
499 761 630 863 arastis:
650 777 734 860 diri,
761 787 855 843 terra
880 793 917 841 αι
938 772 1035 856 coeli,
1061 787 1196 838 aurorae
1217 763 1442 846 &meridiem
1469 765 1571 840 srmul

419 871 621 946 immensam
640 869 738 944 suill'e
755 891 870 940 aureae
889 857 1338 960 argutiaequesupprlleiiibi
1352 866 1423 934 vira
1437 885 1475 934 ac
1486 869 1569 938 mul-

400 971 605 1042 titudinem.
656 966 745 1064 Quae
768 965 904 1051 omnia,
934 963 1020 1035 licut
1041 981 1084 1032 ex
1108 960 1320 1052 populorum
1338 957 1568 1052 Deorumque

420 1088 461 1140 ac
492 1065 729 1158 Templorum
754 1061 871 1156 spoliis
894 1058 984 1132 frua
1004 1057 1105 1145 sunt,
1138 1057 1185 1129 ita
1210 1077 1286 1130 non
1310 1055 1352 1128 ad
1372 1057 1471 1130 Deos
1491 1059 1572 1132 illos

420 1163 671 1249 honorandos,
698 1159 757 1234 scd
779 1155 1077 1255 magnificentiam
1090 1149 1333 1228 ostentandam
1348 1154 1571 1246 tendebant,

398 1291 400 1294 ·
422 1261 475 1338 uti
498 1259 592 1336 idem
615 1274 718 1332 autor
739 1257 864 1329 diserte
880 1255 1081 1327 adnotavit.
1130 1248 1185 1322 Ex
1208 1251 1332 1344 quibus
1349 1254 1482 1344 pariter
1496 1255 1571 1326 elu-

353 1371 357 1380 '
421 1357 548 1441 cescit,
573 1379 675 1451 quam
691 1369 771 1447 apte
788 1352 970 1449 subjungat
984 1350 1180 1442 Propheta,
1213 1368 1296 1422 eum
1309 1347 1573 1426 honoraturum

422 1454 492 1526 else
519 1455 618 1526 Deos
649 1452 756 1540 illos,
793 1459 900 1539 urard,
940 1463 1094 1542 argento,
1134 1445 1285 1540 rebusque
1315 1448 1392 1518 aliis
1411 1446 1571 1540 pretiosts.

421 1549 530 1648 Quod
551 1551 729 1642 secundum
751 1548 880 1620 citatur
902 1543 1100 1638 specimen,
1139 1562 1181 1616 ex
1204 1561 1297 1634 quo,
1327 1543 1566 1634 Antiochum,

421 1669 496 1722 non
520 1645 682 1720 obstante
706 1646 804 1719 cultu
827 1641 989 1716 Deorum
1004 1640 1196 1734 patriorum
1212 1639 1406 1732 praetenso,
1431 1662 1494 1716 eos
1508 1663 1571 1714 ve·

420 1767 461 1818 re
478 1742 710 1838 prostituilse,
738 1743 872 1834 liquere
894 1737 1016 1832 poffit3
1040 1759 1122 1811 cum
1135 1737 1320 1818 universus,
1333 1736 1391 1810 ille
1406 1739 1519 1812 cultus
1534 1741 1569 1814 in

422 1863 512 1912 varra
530 1841 563 1910 &
580 1838 786 1931 jailabunda
808 1837 883 1909 auri
898 1835 1101 1932 argentique
1118 1830 1343 1926 profusione,
1369 1837 1569 1912 ambitionis

421 1935 456 2008 u
471 1937 592 2030 gloriae
607 1932 822 2006 ostentandae
839 1955 945 2030 crgo,
972 1930 1051 2006 srtus
1066 1931 1186 2006 suerit.

471 2037 503 2120 §.
520 2029 660 2104 ccvll.
687 2029 866 2122 Utraque,
883 2029 995 2124 'quain
1015 2027 1114 2118 dedi,
1138 2028 1382 2124 interpretatio
1394 2051 1477 2108 cum
1493 2053 1568 2106 ver.

421 2128 474 2204 bis
504 2127 670 2222 &scopo
700 2127 918 2221 prophetie,
951 2123 1046 2198 fimul
1071 2123 1244 2214 historiae,
1282 2127 1403 2202 exaue
1428 2129 1568 2223 respon·
1661 2153 1664 2162 ¹

290 2281 294 2288 .
423 2225 523 2313 deut,
547 2225 707 2319 adeoque
723 2247 882 2319 quaenam
899 2221 1115 2316 pracferenda
1129 2221 1168 2298 srt
1182 2221 1368 2298 difficulter
1383 2244 1566 2317 cernatur,

420 2321 548 2396 reditus
570 2322 667 2398 sorte
687 2321 899 2409 fecerimus,
926 2319 1106 2414 utriquest
1123 2321 1242 2396 locum
1259 2320 1479 2410 dederimus,
1504 2323 1569 2398 lla·

420 2420 578 2512 tuendo,
604 2419 816 2517 prophetam
838 2418 999 2514 ambigue
1022 2418 1181 2494 locutum
1207 2415 1303 2506 elle,
1329 2417 1483 2516 vesperis
1497 2423 1570 2515 qui·

419 2517 500 2594 dem
523 2517 620 2592 Deos
645 2517 679 2590 u
703 2518 868 2592 tutelares
895 2513 1156 2611 &peregrinos
1171 2517 1214 2604 ab
1229 2515 1302 2686 isso
1317 2518 1567 2612 honorandos,

419 2615 515 2712 quod
531 2613 671 2688 historia
690 2613 815 2701 tradit,
842 2612 901 2686 sed
916 2635 949 2684 re
963 2633 1035 2686 non
1053 2611 1169 2700 Deos,
1195 2611 1229 2686 se
1270 2616 1414 2690 unicum
1429 2613 1569 2692 Plutum

372 2777 374 2784 .
419 2711 608 2788 colendum
631 2709 720 2800 else,
747 2710 834 2800 adeo
855 2725 896 2784 ut
918 2709 1042 2802 opibus
1057 2708 1092 2781 dr
1105 2711 1327 2786 comedendis
1342 2711 1377 2785 da
1390 2710 1565 2789 ostentam.

417 2807 470 2882 dis
494 2811 598 2882 unice
618 2809 838 2880 incubiturus
862 2805 920 2892 srt,
946 2805 1100 2898 nihilque
1122 2807 1216 2880 aliud
1230 2808 1267 2882 in
1282 2809 1357 2884 Diis
1374 2809 1487 2902 specie
1501 2811 1564 2886 ho.

417 2905 584 2980 notandis
606 2901 725 2976 animo
745 2901 950 2988 habiturus,
983 2921 1023 2973 ac
1040 2902 1184 3012 gloriam
1205 2904 1407 2994 dedivinus,
1433 2908 1558 3000 quibus

417 2997 531 3073 solum
553 2999 704 3072 devotus
730 2995 845 3085 soret,
872 3011 1034 3089 tanquam
1050 3019 1086 3072 m
1100 2997 1201 3074 scena
1216 3023 1440 3098 proponere,
1465 3005 1565 3099 quod

417 3115 532 3183 vere,
566 3091 653 3168 teste
670 3091 831 3185 historia,
856 3095 1030 3184 intendit,
1055 3093 1276 3194 significaret.
1326 3099 1433 3195 Cujus
1443 3097 1566 3198 figure

416 3191 609 3281 sermonis,
635 3192 678 3264 de
700 3195 848 3289 ambiguo
872 3191 1060 3280 trabeatis,
1088 3197 1249 3292 exempla
1269 3197 1307 3272 in
1330 3198 1564 3294 superioribus

418 3311 580 3390 quoque,
606 3306 646 3364 ut
667 3287 733 3364 suis
753 3291 839 3364 locis
861 3287 1075 3380 observavi,
1108 3312 1353 3370 occurrerunt.
1402 3296 1483 3396 Qua
1496 3321 1564 3374 am·

414 3391 586 3487 biguitate
606 3385 755 3478 sublata,
791 3385 905 3461 sensus
929 3386 999 3460 huc
1024 3389 1162 3464 redibit.
1218 3392 1419 3470 Honorabit
1441 3395 1564 3470 Antio-

416 3489 502 3562 chus
533 3485 567 3558 u
593 3483 690 3561 Deos
713 3485 881 3560 tutelares
903 3485 1026 3559 domus
1052 3485 1140 3578 lue,
1173 3487 1207 3562 dt
1233 3492 1440 3588 peregrinos
1462 3515 1564 3586 quos·

413 3606 575 3678 cunque,
617 3581 715 3658 srmul
739 3565 897 3668 ilatum,
933 3583 1065 3658 arcium
1086 3583 1336 3663 tlresauriarum
1358 3589 1562 3682 praefidem,

414 3683 534 3758 domui
550 3681 617 3754 suae
635 3677 858 3773 praefeerum,
885 3681 1115 3774 ignotumque
1130 3683 1227 3760 illum
1245 3682 1386 3772 Deums
1410 3686 1470 3761 sed
1487 3689 1562 3763 illos

403 3779 536 3875 speeie,
562 3778 656 3854 hunc
677 3801 731 3868 re,
758 3791 834 3852 tota
858 3780 931 3870 ejus
958 3778 1127 3876 religione
1145 3781 1183 3856 in
1205 3779 1333 3875 opibus
1345 3779 1431 3874 lira,
1459 3807 1557 3882 quam

451 3996 554 4060 alc.
