3462 4792
34 1421 52 1478 i

164 399 171 410 '
308 408 359 466 ao
407 383 773 468 VATICINIA
822 385 1165 472 Dentatis:
1242 421 1313 498 303

164 585 237 651 tem
258 568 378 667 Judae,
405 569 464 664 qui
478 569 691 651 adverterit:
715 573 744 648 is
759 573 944 668 profesio,
966 578 1073 650 beator
1083 576 1164 668 jure
1181 579 1314 656 merito

163 671 351 765 adpellari,
379 671 438 764 qui
460 692 586 752 eorum
602 669 709 748 finem
725 673 935 770 adtigerint,·
957 673 1062 748 facile
1076 674 1310 769 perspexerit.

158 767 244 868 Quo
267 766 374 855 facit,
400 767 497 863 quod
518 772 660 864 querela
682 775 887 864 prophetae,
914 773 990 846 haec
1009 787 1170 868 tempora
1184 771 1244 848 sibi
1262 776 1310 849 ob

157 869 282 940 oculos
306 868 490 961 ponentis,
515 865 584 960 Jes.
611 891 708 944 xxrv:
735 871 789 944 16.
816 875 933 943 mactes
955 875 1054 962 mihi,
1080 877 1312 962 1111111τηί113

157 987 211 1038 ve
232 969 332 1038 mibi!
367 965 410 1038 ad
440 965 552 1058 ipsum
574 968 665 1062 ‚iliud
688 981 826 1061 tempus
848 969 1027 1062 respiciat,
1060 987 1099 1044 ut
1124 967 1178 1042 ct.
1203 966 1312 1046 Com·

155 1079 340 1138 mentator
357 1062 570 1140 observavit.
620 1065 688 1138 Sed
706 1065 798 1138 aliud
814 1065 856 1137 ad
871 1089 992 1162 manus
1007 1065 1079 1154 est,
1112 1089 1183 1161 quo
1199 1067 1314 1159 dupli·
1376 1081 1379 1088 '

153 1181 237 1236 cern
258 1161 348 1234 hanc
371 1161 565 1252 epocham,
605 1166 743 1234 alteram
767 1163 857 1257 jugis
885 1163 1011 1250 ablati,
1050 1163 1187 1238 dierum
1216 1184 1307 1253 1290

151 1256 207 1332 vs.
230 1279 287 1346 11,
313 1261 450 1330 aiterum
475 1280 495 1330 a
516 1271 632 1332 morte
655 1259 847 1346 Antiochi,
872 1257 1008 1334 dierum
1027 1280 1136 1350 1335,
1158 1257 1309 1336 firmem.

150 1353 356 1446 Utramque
383 1354 477 1428 enim
505 1355 591 1429 mibi
613 1354 781 1454 detegere
805 1355 900 1448 pptse
918 1357 1097 1429 videorer
1113 1355 1161 1428 vs.
1179 1377 1223 1448 7,
1250 1379 1312 1440 cut

150 1454 214 1545 jus
238 1453 371 1539 verba,
397 1451 467 1527 huc
490 1452 678 1541 facientia,
705 1457 753 1527 ita
763 1453 917 1534 habent:
946 1451 1134 1548 &juravit
1144 1468 1310 1549 purten,

147 1555 210 1646 qui
232 1563 388 1622 aternum
409 1555 526 1638 vivit,
544 1548 643 1642 fore,
669 1567 706 1624 ut
729 1554 792 1624 bat
807 1557 914 1624 amnia
928 1555 1145 1646 impleantur,
1172 1565 1309 1646 tempore

149 1650 347 1742 temporibus
369 1645 413 1730 &⁹
436 1650 590 1738 dimidio,
616 1646 659 1732 (ἑ
680 1670 751 1722 cum
765 1645 867 1743 finem
888 1653 1014 1722 habebit
1042 1646 1170 1744 excrrffio
1191 1669 1308 1728 manus

146 1748 265 1841 pupuli
277 1741 399 1838 santii.
455 1743 594 1842 Quibus
616 1747 828 1833 verbisriuo
850 1745 1006 1821 distincta
1029 1747 1063 1819 &
1086 1743 1303 1844 diversabg·

18 1913 19 1918 ,
149 1843 231 1918 nari
246 1841 433 1916 intervalla
453 1844 729 1933 autumaverim,
755 1846 905 1920 alterurn
917 1860 976 1940 per
990 1860 1134 1940 tempus,
1163 1859 1306 1940 tempora

150 1955 179 2012 et
201 1941 401 2032 dimidium,
426 1941 578 2017 alterum
593 1943 711 2020 verbis
725 1941 971 2036 sequentibus,
998 1957 1029 2017 11
1047 1966 1119 2016 tum
1126 1937 1229 2035 finem
1249 1945 1306 2016 ha·

150 2039 260 2112 buerit
295 2035 424 2136 excuffio
452 2062 567 2114 manus
592 2044 705 2136 popuii
721 2039 842 2138 sanni.
874 2063 1026 2135 quorum
1057 2040 1153 2134 prius
1182 2040 1306 2116 diebus

153 2155 252 2231 1290
272 2153 353 2228 apte
374 2134 585 2230 respondet,
621 2136 795 2230 posterius
816 2139 860 2212 ad
875 2137 949 2213 dies
971 2160 1062 2232 1335
1080 2137 1174 2211 reete
1192 2138 1305 2212 refer·

150 2249 222 2310 tur.
274 2231 383 2404 (guod
407 2237 503 2311 enim
516 2237 586 2311 bic
607 2234 643 2309 in
669 2257 801 2332 genere
824 2237 1056 2330 exprimitur,
1081 2255 1165 2309 mox
1189 2234 1236 2308 vs.
1260 2255 1302 2306 11.

151 2331 262 2406 &rm
313 2329 478 2407 istintiius
502 2334 710 2428 explicatur.
760 2333 934 2408 Praeterea
959 2333 1095 2419 verba,
1122 2353 1195 2404 cum
1212 2325 1308 2426 uffa

151 2435 243 2506 uerit
261 2427 389 2525 excuffio
410 2431 477 2507 &c.
498 2453 567 2527 pro
582 2431 738 2506 termino
758 2429 988 2524 praecedentis
1004 2429 1167 2517 numeri,
1192 2441 1315 2524 tempu-

150 2533 223 2618 ris,
252 2542 427 2624 temporum
448 2528 481 2603 ἀ
504 2529 653 2619 dimidii,
677 2527 800 2603 haberi
823 2527 970 2620 nequit,
995 2540 1037 2600 ut
1052 2526 1181 2600 volunt
1197 2525 1309 2600 intera

153 2642 298 2722 pretes,
330 2647 411 2700 cunr
432 2625 529 2720 quod
552 2647 615 2722 per
639 2654 648 2700 r
671 2624 715 2709 ὃ
735 2622 843 2700 divisa
862 2625 927 2700 fint
945 2625 1126 2712 membra,
1150 2621 1306 2709 indici0,

151 2723 248 2799 aliud
270 2744 334 2818 per
356 2724 526 2817 posterius
543 2727 742 2800 membrum
764 2719 963 2820 significari,
991 2737 1067 2796 tum
1086 2719 1203 2814 quod,
1227 2717 1307 2815 post

154 2841 174 2915 3
189 2843 304 2896 annos
319 2820 547 2904 &dimidium
564 2844 643 2898 earn
659 2818 860 2917 tatuffionem
875 2842 925 2894 ces
936 2817 1024 2916 asse,
1043 2819 1113 2892 dici
1128 2829 1305 2911 nequeat,

153 2934 194 2993 ut
217 2939 264 2992 ex
284 2919 394 2993 modo
417 2918 512 2994 diuis
533 2913 758 2998 manifestum
781 2913 843 2994 est.
926 2940 950 2992 o
974 2916 1098 3010 utique
1120 2930 1306 3010 tempore,
1432 2999 1436 3006 ,

158 3037 255 3186 pua,
280 3014 370 3108 Juda
390 3032 557 3108 mortuo,
590 3009 821 3093 adflrutmmae
842 3013 988 3094 fuerunt
1011 3035 1068 3088 res
1081 3011 1306 3107 Judaeorum,

183 3113 227 3188 ici
252 3113 356 3206 piane
374 3137 448 3190 non
471 3129 633 3210 poterat,
659 3113 798 3216 cessasse
818 3133 935 3216 nanus
955 3115 1065 3207 popuii
1079 3109 1183 3184 santii
1196 3132 1307 3184 excus-

155 3207 299 3304 ,1111113
323 3233 403 3288 curn
418 3226 504 3288 tunc
521 3213 693 3306 temporis
708 3234 751 3284 ea
763 3233 868 3304 quam
884 3209 1034 3284 maxime
1049 3207 1215 3304 viguerit.
1240 3205 1311 3282 Sed

160 3305 270 3383 solida
290 3310 392 3401 hujus
414 3307 593 3408 cessationis
614 3307 846 3382 fundamenta
867 3304 1010 3380 demum
1033 3301 1117 3390 iaiia
1140 3303 1219 3377 sunt
1243 3303 1307 3376 sub
1351 3309 1354 3314 '

162 3403 380 3499 Jonatbane,
402 3406 481 3507 post
494 3421 647 3482 mortem
663 3403 814 3492 Alcimi,
831 3400 970 3496 quando
986 3415 1082 3473 terra
1096 3403 1221 3473 biennio
1238 3398 1312 3492 qui·

163 3507 250 3580 evit.
307 3505 364 3580 De
386 3527 458 3604 quo
482 3505 591 3582 modo
606 3503 688 3578 dixi.
736 3499 822 3601 Quo
839 3500 944 3574 etiam
962 3495 1068 3583 facit,
1093 3501 1189 3590 quod
1205 3494 1311 3589 Jona-

171 3189 175 3202 δ

164 3603 250 3679 tban
272 3609 427 3698 populum
449 3599 627 3794 tullegifse,
652 3602 795 3694 ejusque
816 3591 978 3687 Pontifex
994 3594 1129 3667 dicatur
1159 3595 1313 3668 1Macc.
1338 3636 1341 3642 ·

167 3717 240 3778 arv:
265 3721 323 3794 30.
375 3703 470 3788 1m0,
504 3699 529 3784 fi,
576 3698 710 3792 osepho
737 3695 914 3771 Hebraico
934 3689 1063 3786 aliquid
1085 3690 1315 3767 tribuendum

167 3793 227 3887 fit,
253 3799 405 3891 populus
424 3797 586 3893 Judaeus,
610 3801 695 3870 omni
720 3791 924 3894 Jonathanis
949 3805 1106 3885 tempure,
1129 3788 1244 3887 secure
1265 3791 1317 3862 de·

167 3901 238 4008 git,
264 3900 394 4028 quisque
410 3896 474 3996 sub
498 3901 568 3973 viu
590 3909 621 3970 11
637 3891 710 3989 ficu
724 3891 812 3992 sua,
846 3908 886 3971 ut
909 3887 981 3987 ipse
1006 3889 1112 3965 tradit
1126 3891 1149 3966 l.
1165 3911 1215 3962 tv.
1218 3907 1321 4063 Ccetz
