3462 4792
420 433 489 539 {aa
591 417 1458 524 orso-nurroroaos,

422 616 469 694 tis
493 615 685 700 abolitione,
711 605 802 684 Aue
824 604 981 702 Imperio
1003 601 1174 701 diffututa,
1199 603 1236 678 dc
1253 603 1395 700 prorsus
1406 599 1569 702 subiate,

424 717 464 788 in
495 715 740 808 provinciarum
768 706 922 780 formam
950 703 1092 777 redacto
1110 723 1179 806 per
1200 703 1411 794 Romanos,
1442 705 1570 796 nulla,

424 809 489 888 nui
510 810 567 883 hic
588 808 659 881 illic
676 854 688 896 ,
715 805 815 901 regni
830 801 945 898 specie
962 800 1092 875 retiae
1142 799 1198 874 Ex
1213 803 1336 894 quibus
1352 803 1573 896 implementi

427 908 557 984 veritos
580 905 673 978 clare
696 901 845 977 constat.
904 899 992 988 Sed,
1031 900 1111 993 quia
1139 919 1180 970 ea
1200 900 1272 992 jam
1297 899 1399 993 supra
1423 901 1459 973 in
1486 899 1575 976 uiis.

425 1025 477 1082 tv.
496 1011 526 1098 §.
547 1025 602 1077 ao.
625 1004 661 1076 in
685 1000 839 1076 medium
854 997 984 1085 adtuli,
1010 997 1053 1070 ad
1068 995 1307 1090 specialiorem
1322 1019 1514 1094 regnorum
1529 1019 1575 1072 ex

425 1101 670 1180 Alexandrino
693 1114 880 1188 ortorum,
922 1117 1020 1190 qua,
1057 1095 1102 1168 ad
1120 1095 1290 1168 denarium
1309 1117 1501 1171 numerum
1522 1116 1576 1194 re·

426 1199 564 1289 dacia,
587 1200 689 1292 supra
718 1196 903 1284 recensui,
937 1193 1278 1287 contemplationem
1307 1215 1390 1270 mox
1419 1193 1575 1284 accedo,

427 1299 546 1396 paucis
571 1293 824 1384 defuniiurus,
864 1291 945 1384 quia
971 1291 1008 1363 in
1029 1292 1284 1384 pianoversor.
1308 1293 1472 1388 Regnum
1486 1313 1576 1364 vero

429 1395 824 1472 Srquacuuoutcuru
853 1411 935 1464 cum
962 1389 1088 1483 primas
1118 1388 1154 1461 &¹
1174 1389 1367 1483 precipuas
1389 1389 1425 1462 in
1441 1387 1577 1480 jndicio

427 1495 593 1581 Divino,
633 1490 691 1564 hic
718 1485 991 1583 representato,
1017 1502 1133 1580 partes
1154 1485 1301 1575 lrabeat,
1327 1486 1460 1580 quippe
1482 1485 1579 1579 quod

430 1591 571 1686 Lapidis
595 1585 783 1682 impulsum
804 1583 926 1669 sensit,
953 1583 986 1655 δι
1012 1582 1127 1656 bestiae
1143 1598 1255 1678 corpus
1269 1586 1304 1656 in
1320 1585 1438 1682 ignem
1459 1581 1578 1677 conje·

433 1689 528 1764 etum
550 1685 731 1781 expinxit3
756 1685 800 1757 ab
815 1704 860 1756 eo
872 1681 1012 1756 initium
1027 1679 1235 1756 sumendum
1251 1682 1405 1756 videtur.

482 1791 515 1876 §.
541 1783 633 1856 xit.
666 1779 724 1855 De
760 1801 873 1877 regno
892 1778 1040 1873 Syriaco
1063 1778 1261 1873 predicitur
1283 1780 1379 1854 hisce
1401 1783 1438 1854 in
1461 1780 1582 1854 vatici·
1713 1832 1718 1873 :

432 1882 519 1968 niis,
546 1903 576 1954 a.
599 1879 685 1952 illud
707 1875 974 1963 aMaecabaeis,
998 1874 1158 1970 respectu
1180 1877 1323 1970 imperii
1339 1879 1376 1950 in
1392 1876 1581 1970 Judaeos&

433 1979 574 2054 vicinos
595 1977 768 2072 populos,
795 1973 863 2047 esse
878 1972 1082 2048 delendum.
1114 1977 1148 2047 b.
1164 1972 1302 2049 Totum
1316 1974 1386 2047 effe
1402 1973 1583 2051 destruen·
1719 2023 1721 2060 2

434 2076 534 2152 dum.
573 2095 606 2147 c.
627 2095 711 2148 eum
732 2073 852 2148 multis
868 2068 1008 2166 justitie
1028 2071 1170 2144 Divinae
1192 2073 1305 2167 srgnis.
1364 2069 1518 2146 Primum
1538 2093 1584 2148 en

432 2169 530 2249 lib'ris
554 2171 837 2246 Maccabaeorum
859 2169 894 2241 δι
914 2167 1068 2262 Josepho
1088 2167 1208 2242 notius
1229 2167 1302 2256 est,
1327 2187 1432 2263 quam
1453 2186 1494 2243 ut
1509 2193 1585 2247 mo-

432 2293 490 2348 ras
511 2271 657 2362 injicere
678 2269 819 2343 debeat.
882 2265 987 2361 Lapis
1010 2267 1048 2341 in
1072 2267 1200 2341 Statuae
1219 2267 1369 2343 alterum
1391 2269 1519 2361 pedem
1542 2271 1586 2343 ir·

434 2369 660 2542 iiiiii
682 2365 745 2538 sii
763 2363 1587 2560 {addititia&Jtttitiitstimt

324 2574 328 2582 '
434 2485 628 2640 Aieoilondro
651 2514 806 2658 §ianam
866 2561 1049 2654 Tempore
1078 2561 1231 2635 Simonis
1255 2489 1586 2656 epochffrtiber’eans

434 2660 560 2756 popuii
582 2657 652 2730 Dei
674 2657 833 2750 incepit,
867 2657 1038 2748 Syrorum
1061 2656 1223 2731 dominio
1244 2661 1347 2752 piane
1370 2660 1517 2750 everso,
1551 2659 1586 2736 dt

436 2753 628 2830 Demetrio
648 2751 848 2839 Nicatore,
887 2773 928 2825 ac
956 2753 1140 2828 Antiocho
1161 2756 1311 2846 sotere,
1342 2757 1423 2830 alias
1444 2757 1586 2846 Sidete,

432 2851 578 2948 regibus
600 2848 731 2944 Syriae,
757 2849 928 2943 poputum
949 2847 1109 2943 Judaeum
1123 2871 1190 2945 pro
1212 2857 1308 2927 libero
1324 2853 1586 2949 populo'decla·
1723 2893 1724 2934 o

435 2949 610 3024 rantibus.
661 2943 771 3046 Quod
791 2967 962 3021 annoaer.
978 2947 1117 3024 Seleuc.
1137 2971 1218 3044 170.
1242 2953 1405 3046 contigit.
1435 2973 1449 3022 1
1468 2953 1587 3030 Mace.

317 3053 318 3058 '
433 3051 519 3122 1111:
534 3065 595 3135 41.
618 3043 696 3119 vid.
708 3045 836 3132 etiam,
858 3065 933 3138 quae
948 3043 992 3118 de
1007 3043 1109 3143 gestis
1122 3049 1272 3124 Simonis
1288 3051 1395 3123 tradit
1408 3047 1482 3142 Jos.
1498 3053 1587 3130 Ant.

434 3163 518 3220 aur:
542 3146 577 3218 6.
626 3140 697 3217 Sed
721 3143 765 3215 de
782 3163 829 3217 eo
846 3140 968 3235 postea
981 3142 1045 3219 suo
1056 3145 1142 3244 ioco
1155 3147 1258 3242 plura
1271 3145 1439 3226 dicemus.
1492 3148 1587 3222 Dila-

433 3255 562 3318 tarunt
584 3253 755 3338 practerea
777 3239 887 3332 Judaei
907 3239 1099 3334 imperium
1121 3265 1186 3336 per
1200 3245 1317 3318 varios
1334 3245 1488 3339 populos
1502 3247 1587 3320 vici.

430 3339 665 3436 mossubJoir.
676 3337 908 3433 Hyrcano,&
923 3339 1024 3413 Alex.
1034 3339 1588 3439 Jannaeo,subjugatisldumaeis,

434 3438 648 3527 Galaaditis,
687 3437 928 3527 Samaritanis,
953 3439 1141 3532 multisque
1163 3440 1235 3511 aliis
1256 3441 1363 3532 Syriae
1387 3441 1421 3516 δι
1441 3442 1588 3522 aliarum

438 3537 612 3614 Gentium
627 3535 781 3610 urbibus.
812 3577 814 3584 ·
832 3533 940 3634 Quod
956 3558 1051 3610 nuuc
1067 3535 1214 3632 tetigisse
1230 3535 1420 3612 suffecerit.

488 3639 520 3725 §.
538 3633 645 3712 XLii.
689 3629 871 3707 Secundum
897 3632 984 3706 iliud
1011 3631 1312 3724 demonstratione
1339 3655 1482 3730 quoque
1510 3659 1587 3713 non

432 3730 588 3828 indiget.
636 3730 801 3824 Regnum
828 3729 924 3806 enim
942 3729 1047 3818 iilud,
1073 3729 1178 3804 variis
1193 3731 1364 3806 intestinis
1378 3735 1533 3808 motibus
1549 3733 1586 3807 dt

277 3841 281 3850 '
429 3829 540 3904 'bellis
557 3828 782 3918 concussirm,
810 3829 962 3922 primum
975 3825 1141 3926 Tigrani,
1167 3829 1345 3904 Armeniae
1365 3833 1461 3928 regi,
1485 3853 1584 3924 apo·

427 3929 546 4026 ‘pu10,
581 3927 763 4005 turbarum
786 3925 956 4024 perceio,
997 3941 1175 4026 evocato,
1206 3925 1360 4020 ceffiise,
1396 3929 1585 4104 AutiFocisro

702 4081 704 4086 -
1167 4067 1173 4079 -
1509 4046 1584 4101 ue.
