3426 4756
416 390 488 481 264
580 369 1408 508 nrssrnrarrsonns

425 609 530 682 quam
552 585 621 660 late
645 595 763 680 patet,
788 578 981 658 Alexandri
1001 578 1195 658 dominium
1211 580 1358 658 ducibus
1373 583 1578 662 conceden-

428 687 512 758 dum
533 682 614 758 elle.
672 683 779 756 Ratio
800 682 861 755 seu
890 679 1082 774 explicatio
1103 677 1329 754 restrictionis
1348 679 1578 775 sequentibus

427 783 547 856 verbis
561 781 791 874 proponitur:
817 782 893 873 quia
904 773 1081 870 solvetur,
1107 777 1232 850 &aliis
1243 791 1363 873 preter
1376 777 1469 874 ipsos.
1491 781 1577 854 Acfi

428 878 635 952 haberetur:
659 899 724 951 cur
738 890 856 949 totum
870 895 1019 972 regnum
1033 873 1066 946 dc
1082 873 1277 948 dominium
1294 877 1486 953 Alexandri
1500 901 1580 953 non

429 974 538 1050 fuerit
562 973 732 1048 adduces
756 975 851 1066 ejus,
883 971 944 1066 qui
969 968 1182 1060 diviserant,
1221 972 1453 1058 translatum,
1491 977 1579 1052 inde
1634 1047 1646 1056 ,

312 1097 317 1106 ·
430 1075 664 1167 repetendum
686 1064 757 1159 est,
784 1070 879 1164 quod
900 1068 992 1162 quafi
1016 1069 1194 1157 lolutum,
1219 1069 1465 1164 &promiscui
1484 1075 1576 1166 juris

432 1169 542 1246 fuerit
564 1166 722 1242 fadum:
755 1165 849 1240 unde
874 1167 1047 1263 contigit,
1082 1166 1177 1241 utin
1198 1165 1348 1242 aliorum
1372 1168 1478 1243 etiam
1504 1193 1581 1246 rna·

431 1289 495 1342 nus
515 1265 695 1341 nonnullae
709 1281 827 1357 partes
843 1263 1021 1338 venerint.
1055 1261 1146 1338 Cum
1160 1263 1306 1351 dicitur,
1333 1262 1377 1346 δ’
1391 1270 1469 1339 aliis
1481 1282 1581 1364 prae.

338 1402 342 1410 ·
431 1381 481 1438 ter·
497 1369 591 1450 illos,
617 1363 666 1434 illi
687 1383 760 1436 non
776 1361 855 1436 sunt
870 1358 1002 1454 posteri
1019 1359 1228 1449 Alexandri,
1255 1361 1314 1433 sed
1328 1360 1456 1454 duces,
1482 1367 1580 1442 inter

431 1483 521 1555 quos
550 1458 697 1534 divisum
725 1457 777 1531 est
797 1479 968 1556 regnum3
1007 1458 1064 1551 qui
1096 1479 1170 1531 non
1199 1458 1455 1549 excluduntur,
1489 1462 1579 1556 sed,
1636 1537 1640 1545 ,

430 1574 559 1654 praeter
578 1550 711 1630 illos-dt
732 1559 809 1628 allis
831 1553 957 1628 cellille
981 1552 1068 1628 illud
1083 1576 1250 1652 regnum,
1276 1555 1460 1634 indicatur.
1510 1561 1582 1636 Ra.

432 1656 509 1743 tio,
548 1673 655 1746 quare
686 1651 801 1726 &alii
824 1654 861 1728 in
883 1650 1123 1746 polteffionem
1148 1653 1396 1729 nonnullarum
1422 1660 1580 1750 partium

431 1755 619 1838 venerint,
646 1771 749 1840 quarn
771 1750 940 1842 particula
964 1778 992 1824 u
1018 1755 1095 1845 quia
1116 1749 1281 1841 requirit,
1306 1750 1344 1823 in
1362 1773 1409 1827 eo
1427 1754 1489 1828 fita
1502 1756 1580 1850 est,

457 1847 530 1922 uod
559 1867 706 1943 regnum
735 1844 844 1920 fuerit
855 1845 1025 1939 solutum,
1056 1845 1091 1920 e
1112 1848 1237 1942 praedae
1259 1847 1353 1941 quali
1367 1852 1579 1946 expolitum.

432 1873 553 2042 {uem
577 1941 794 2017 intelledium
816 1944 967 2015 verbum
989 1971 1071 2031 ena,
1095 1945 1261 2038 peculiari
1280 1944 1363 2034 usu,
1386 1949 1508 2025 hocin
1526 1953 1580 2028 lo·

434 2064 480 2116 co
499 2042 660 2135 prabet,
685 2043 729 2114 ab
748 2039 1004 2133 Interpretibus
1026 2061 1101 2114 non
1119 2041 1363 2118 observatum:
1402 2048 1577 2140 explican-
1621 2127 1627 2138 ,

434 2141 516 2214 dum
540 2138 636 2213 enim
657 2135 708 2210 est
729 2158 772 2212 ex
798 2137 915 2212 vicina
936 2137 1051 2210 radice
1075 2163 1155 2213 eur:
1179 2159 1256 2231 quae
1274 2139 1352 2212 duae
1370 2144 1501 2218 radices
1515 2147 1578 2221 ali.

434 2238 577 2330 quando
592 2235 869 2330 permiscentur,
902 2234 1029 2310 litteris
1051 2232 1123 2310 a&
1142 2263 1163 2308 n
1182 2238 1410 2330 permutatis,
1436 2245 1531 2336 quod
1546 2245 1582 2319 dt

433 2335 470 2409 in
486 2333 559 2410 aliis
584 2333 777 2426 radicibus,
790 2349 845 2408 *ut
858 2361 920 2434 nnn
935 2333 969 2406 dt
984 2359 1065 2434 pan,
1091 2335 1150 2442 ‘rep
1173 2334 1209 2407 ἀ
1224 2337 1306 2444 inp,
1332 2361 1395 2422 τωο
1414 2338 1449 2412 dt
1469 2343 1581 2428 nen&

436 2433 509 2509 aliis
533 2433 723 2530 contingit.
772 2431 915 2507 Clarum
935 2431 971 2505 in
987 2429 1104 2505 nostra
1121 2429 1238 2506 radice
1252 2429 1363 2506 exstat
1377 2439 1581 2532 exemplum

436 2531 629 2626 Jer.xv1n:
658 2552 715 2620 14.
767 2525 891 2629 Quisne
916 2533 1098 2623 relinquet,
1135 2543 1271 2624 apetra
1292 2537 1386 2625 agri,
1420 2542 1500 2611 nive
1521 2537 1585 2612 Li·

437 2633 535 2713 bani,
562 2624 833 2718 fideuoloantur
852 2647 941 2719 aqua
963 2629 1175 2721 longinquae,
1200 2626 1373 2723 frrgidae,
1404 2647 1582 2729 perennes,
1711 2715 1712 2722 ἵ

437 2736 480 2797 ut
499 2721 592 2793 telle
615 2721 778 2794 vertit&
808 2722 1061 2814 interpretatus
1084 2721 1134 2795 est
1155 2721 1209 2798 Cl.
1232 2725 1431 2820 Coccejus,
1456 2732 1585 2808 ¹modo
1709 2737 1712 2823 ,3

344 2833 348 2840 ·
439 2840 505 2912 pro
529 2820 750 2889 devolvantur
769 2813 1011 2907 substituatur,
1033 2817 1163 2914 fhlutae
1184 2819 1429 2918 diffundantur:
1455 2848 1586 2902 occur·

441 2917 488 2988 rit
509 2915 605 2986 &ibi
621 2915 770 2988 verbum
787 2939 869 3002 ena,
894 2912 953 2988 sed
969 2914 1069 2990 senl'u
1085 2940 1105 2990 a
1123 2915 1193 2990 rad.
1213 2945 1272 2992 aar
1287 2939 1467 2999 mutuato:
1483 2927 1585 3021 quod
1708 3013 1711 3022 Δ

440 3013 484 3085 ab
511 3010 583 3084 aliis
607 3011 712 3086 etiam
734 3009 961 3088 observatum
986 3012 1049 3087 est.
1105 3013 1217 3089 Radix
1246 3023 1335 3092 uero
1358 3047 1439 3110 ver,
1468 3040 1511 3098 ut
1537 3045 1588 3101 ex

440 3109 706 3202 comparatione
735 3131 817 3184 cum
843 3109 951 3185 Arab.
982 3103 1056 3173 baffi
1081 3130 1162 3198 eur,
1204 3117 1498 3208 quemadmodum
1526 3121 1582 3199 Cl.

440 3208 574 3283 Schult.
596 3208 683 3280 clav.
708 3229 744 3300 p.
767 3209 847 3299 318.
874 3211 1037 3300 notavit,
1071 3209 1201 3300 liquet,
1227 3215 1380 3308 proprie.
1394 3216 1587 3316 fignificat,
1614 3289 1620 3296 .

402 3317 410 3341 ¹
432 3304 562 3403 solvit,
587 3303 775 3402 sedemque
797 3305 904 3380 habet
920 3309 1032 3396 inre,
1057 3311 1257 3401 quaenodis,
1282 3315 1405 3404 quibus
1421 3317 1588 3416 colligata

439 3403 513 3492 est,
541 3402 738 3498 ersoloitur:
782 3404 878 3478 unde
896 3407 1126 3500 permittendi,
1150 3410 1357 3504 negligendi,
1382 3412 1506 3488 &aliae
1521 3417 1587 3514 sig·

321 3531 327 3547 x
441 3499 661 3576 nificationes
689 3499 878 3594 fluxerunt.
927 3500 1025 3576 Inter
1047 3525 1128 3596 quas
1151 3502 1224 3591 est,
1251 3527 1328 3597 quae
1349 3531 1423 3584 rem
1437 3517 1587 3606 promis-

441 3601 497 3671 cui
516 3601 602 3691 juris
623 3597 761 3686 facere,
787 3598 830 3670 ad
855 3600 1033 3694 rapinam,
1059 3599 1190 3673 caedem
1206 3601 1239 3672 δι
1256 3603 1449 3697 lanienam,
1474 3610 1587 3686 deno·

441 3711 503 3767 tat.
554 3693 669 3792 Quam
697 3693 910 3787 potestatem
933 3696 1040 3772 habet
1062 3696 1135 3788 Jer.
1158 3717 1252 3772 xmn:
1277 3723 1333 3794 33.
1367 3704 1429 3780 Ea.
1451 3727 1586 3784 xxxrr:

439 3817 471 3879 4·
495 3791 575 3865 lim.
600 3813 634 3864 v:
663 3814 696 3864 a.
721 3794 756 3867 dc
781 3793 873 3867 alibi.
926 3794 1073 3868 Sensum
1088 3797 1203 3888 itaque
1222 3817 1296 3872 non
1317 3803 1407 3876 male
1424 3803 1589 3898 expreilit

381 3939 385 3947 -
437 3888 607 3979 Hieron,
643 3904 815 3981 vertens,
853 3894 1052 3967 lateraliter
1076 3898 1160 3967 enim
1182 3917 1318 3990 regnum
1339 3922 1409 3996 epus
1431 3907 1528 3974 etiam
1549 3909 1592 3977 in

1464 4057 1466 4064 ι
1482 4013 1590 4075 dxter-
