3462 4792
413 372 484 469 ,σο
580 345 1403 440 urssnnrnrrouus

416 551 450 624 ie
476 543 658 644 &agendi
679 543 818 618 ratione
843 537 945 614 distat
964 539 1133 625 bumana,
1172 553 1321 614 tantum
1334 539 1427 615 inter
1455 559 1568 638 regna

304 675 306 680 ¹
417 639 1065 726 mundiunresuaeforetdiscrimen.
1105 636 1466 734 Regnumitaqueob
1483 661 1573 732 ocu}

418 743 640 838 losponitur
659 736 837 835 justiriae,·
861 741 1047 846 equitatis3
1080 737 1241 845 libertatis
1264 734 1307 817 ἐξ
1326 743 1432 830 pacis.
1480 737 1572 835 Quae

420 831 1162 1028 itttfbibitripieib{tib
1177 831 1584 1024 bifariam?

292 1045 296 1052 '
418 1040 504 1124 iius,
530 1029 749 1122 irerumficut
764 1028 873 1104 utrm
888 1031 1044 1114 hominis,
1069 1051 1128 1100 ure
1142 1051 1218 1116 mu,
1234 1026 1455 1122 adpelletur‘i
1469 1029 1571 1106 Non·

393 1147 409 1224 “,
421 1135 538 1208 nullos
552 1131 595 1203 ad
608 1130 644 1204 id
660 1126 900 1204 obhaereicere
918 1123 1067 1224 potuiil'e
1082 1122 1209 1199 mirum
1226 1124 1278 1198 est
1293 1147 1306 1214 3
1331 1146 1413 1200 cum
1431 1126 1503 1220 ipse
1516 1125 1572 1214 lii·¹

332 1255 350 1332 4
423 1231 510 1318 lius,
543 1229 654 1303 homo
674 1229 746 1320 jam
768 1223 907 1311 fauo,
950 1223 1100 1294 hicnon
1123 1223 1387 1315 comparuerit,
1419 1225 1499 1312 i'ed,
1531 1239 1571 1298 ut
1592 1279 1595 1286 -

424 1327 487 1400 viss
504 1346 630 1416 natura
643 1321 859 1419 postulabat,
885 1324 961 1414 ejus
977 1316 1239 1412 representatio
1255 1320 1290 1390 &
1304 1319 1434 1416 imago.
1486 1321 1573 1396 Non

421 1441 523 1513 erat,
550 1424 609 1497 sed
631 1421 818 1494 videbatur
841 1417 950 1494 Filius
970 1416 1143 1504 hominis,
1179 1413 1283 1487 instar
1305 1417 1379 1506 ejus
1397 1420 1521 1518 aliquis
1536 1421 1596 1496 iu·

425 1520 741 1615 scenamprodiit,
773 1519 833 1609 qui
857 1515 984 1589 Filium
1009 1511 1079 1586 Dei
1102 1513 1138 1584 in
1161 1533 1265 1584 carne
1282 1513 1574 1640 manifestandum

423 1633 595 1788 rtur
609 1610 1577 1803 irruiturum:parturitur

337 1875 341 1884 .
428 1811 521 1886 stum
547 1809 648 1884 fuisse
666 1808 814 1882 dubitat.
863 1805 1146 1902 Repraesentatur
1163 1825 1251 1877 vero
1264 1805 1322 1878 hic
1338 1821 1499 1905 tauquam
1515 1805 1603 1881 Fi·

339 1927 346 1952 ’
428 1911 493 1982 iius
509 1911 646 1980 hominis
665 1920 812 2000 propter
826 1906 936 1982 modo
953 1902 1103 2001 prolatas
1118 1903 1285 1978 rationes.

477 2010 509 2096 §.
530 1999 611 2078 Vii.
661 2025 694 2075 2.
724 2002 823 2078 Vidit
844 2023 952 2098 porro
976 1998 1150 2094 Propheta
1165 1998 1255 2073 hanc
1270 2001 1475 2096 personam,
1500 2027 1579 2100 quae
1612 2047 1614 2054 ‹

427 2105 566 2177 bominis
590 2098 801 2198 praeferebat
821 2098 993 2196 speciem,
1017 2098 1155 2170 nubibus
1170 2101 1247 2170 coeli
1266 2099 1427 2184 vestitam
1442 2104 1483 2176 ad
1499 2103 1581 2175 Per·
1628 2111 1635 2120 '

428 2213 633 2277 manentem
658 2198 806 2273 Dierum
829 2199 955 2272 tendere
979 2195 1143 2274 &raram
1165 2217 1198 2266 eo
1210 2191 1294 2282 filii.
1333 2195 1437 2296 ‚Quae
1451 2197 1581 2294 aliquid
1602 2263 1613 2285 .,

429 2299 561 2374 habent
584 2296 764 2393 impediti,
797 2317 902 2386 cum,
927 2295 1010 2366 unde
1036 2293 1175 2369 venerit
1200 2289 1307 2368 Filius
1330 2293 1389 2368 ille
1406 2297 1581 2388 hominis,
1614 2333 1620 2342 ·

431 2419 507 2472 non
527 2397 690 2471 addatur.
741 2391 900 2468 Dubium
922 2392 1041 2484 iraque
1064 2389 1291 2480 relinquitur,
1317 2413 1404 2468 num
1426 2395 1471 2470 de
1490 2397 1582 2472 ooelo

432 2495 473 2567 in
494 2512 625 2568 terram
641 2489 875 2578 descendisse,
908 2509 952 2564 an
970 2489 1014 2560 de
1030 2503 1123 2562 terra
1139 2488 1176 2560 iu
1192 2489 1333 2564 coelum
1348 2489 1581 2582 adscendiffe,

433 2589 575 2666 Danieli
601 2589 711 2662 fuerit
739 2587 842 2662 visus.
900 2583 1010 2659 Forte
1039 2599 1206 2662 neutrum
1231 2585 1342 2675 vidit,
1372 2587 1432 2662 sed
1452 2587 1584 2666 Filium
1631 2595 1644 2622 '

433 2688 586 2762 hominis
600 2685 685 2756 reita
699 2685 741 2758 ad
755 2681 938 2775 judicem,
964 2705 1029 2776 pro
1044 2681 1209 2756 tribunali
1223 2678 1425 2776 sedentem,
1450 2690 1584 2780 absque

433 2801 476 2858 ut
497 2779 740 2857 observaverit
763 2781 866 2868 unde,
893 2779 1112 2853 tendentem.
1161 2775 1271 2874 Quod
1293 2783 1379 2856 mibi
1397 2785 1515 2858 verius
1533 2785 1586 2872 vi·

433 2877 561 2966 detur,
591 2889 675 2953 cum
703 2874 1041 2968 quodterrtusnihil
1064 2874 1234 2964 deloco,
1259 2901 1281 2950 a
1307 2903 1403 2975 pur,
1435 2882 1584 2970 habeat,

434 2991 512 3068 tum
536 2974 632 3068 quod
653 2972 771 3048 verbis
794 2987 912 3048 utatur
934 2993 999 3066 pro
1025 2973 1127 3060 heta,
1153 2980 1267 3047 uenire
1289 2976 1498 3066 iraeadem,
1525 2980 1586 3069 vei

434 3074 639 3170 adtingere,
680 3093 757 3163 que
779 3091 847 3145 nec
867 2995 1048 3144 adsceniiu
1069 3091 1137 3142 nec
1161 3063 1343 3146 descensus
1363 3074 1584 3160 intelieeium

320 3203 328 3218 ·
434 3171 613 3270 praebent,
641 3167 701 3243 sed
720 3167 805 3243 reita
826 3183 1032 3264 pergentem
1055 3168 1261 3279 depingunt.
1310 3167 1395 3270 Quo
1415 3173 1521 3248 etiam
1536 3173 1584 3248 fa·
1716 3181 1718 3217 i

434 3271 505 3359 cit,
543 3266 639 3362 quod
663 3267 812 3342 verbum
834 3293 899 3342 nne
919 3271 1055 3352 uenire,
1088 3266 1260 3360 inopinati
1284 3275 1476 3358 aduentus,
1511 3291 1582 3365 quo

424 3369 512 3462 *quis
529 3367 590 3440 uel
602 3366 685 3459 quid
689 3362 1123 3462 supervenit,potestatem
1139 3360 1319 3454 involvat,
1331 3385 1371 3442 ut
1386 3367 1438 3442 Cl.
1449 3369 1583 3447 sebult.

433 3465 480 3540 ad
499 3463 581 3556 Job.
608 3483 686 3538 111:
711 3482 778 3560 ²5·,
795 3459 1017 3546 observavit;
1041 3460 1136 3554 quod
1159 3459 1193 3534 it
1216 3461 1285 3536 huc
1303 3465 1396 3541 bene
1413 3469 1582 3560 quadrat,
1633 3513 1636 3518 ·

433 3565 471 3636 δι
494 3583 537 3634 err
559 3561 687 3635 vocula
705 3583 772 3633 ecre
797 3555 1038 3634 confirmatur.
1089 3559 1257 3645 nterim,
1282 3582 1364 3637 cum
1381 3564 1454 3638 hec
1470 3563 1583 3660 perso·

435 3653 482 3732 na
504 3658 645 3732 Danieli
667 3679 735 3730 nee
756 3657 915 3750 opinanti
931 3653 1001 3728 sese
1021 3655 1217 3744 obtulerit,
1241 3658 1371 3752 absque
1387 3679 1428 3735 ut
1449 3667 1583 3736 coelitus

433 3753 663 3830 eamveniffe
686 3754 900 3840 adverterit,
925 3753 1009 3826 illud
1036 3754 1175 3844 quidem
1200 3752 1334 3847 indicio
1362 3756 1436 3846 est,
1462 3759 1506 3836 de
1528 3759 1582 3830 ai·

432 3869 538 3928 uentu
559 3854 633 3946 ejus
655 3852 694 3951 in
709 3866 839 3928 terram
852 3851 910 3962 hic
925 3873 999 3933 non
1014 3851 1089 3949 agi,
1113 3872 1182 3926 nec
1200 3867 1319 3930 tamen
1334 3853 1494 3948 coelestem
1508 3856 1584 3946 ejre

1463 3967 1582 4028 ortum
