3514 4782
195 485 200 494 ⁸
318 411 372 472 rs
420 385 803 480 varrcrnrn
854 397 1222 518 nnurnnrs.
1301 411 1351 496 71‘

30 647 32 692 ;
168 583 272 686 Quod
291 605 339 659 ex
363 584 541 680 Cambyfis
561 586 805 682 solicitudine,
837 615 883 669 nc
907 613 1056 691 regnum
1077 591 1156 689 post
1177 577 1349 674 nortem
1373 637 1381 652 ·

30 737 32 764 .
169 685 213 766 ad
231 681 356 756 Medos
381 683 532 774 rediret,
564 685 608 758 de
630 709 704 782 quo
726 686 847 784 supra,
887 711 955 765 nec
977 713 1051 766 non
1071 713 1115 766 ex
1135 694 1333 769 rebellione

30 775 32 842 l
168 801 287 860 eorum
302 778 367 854 sub
381 779 493 856 Dario
507 781 709 880 Hystaspis,
734 786 778 859 de
794 789 915 882 quasu
942 811 980 863 ra
992 811 1134 884 quoque
1150 812 1194 866 ex
1219 792 1334 866 Hero·

30 941 31 952 ,
166 879 271 968 doto,
292 878 387 990 haud
400 901 525 972 parum
542 882 681 956 roboris
696 885 857 978 acquirit.
908 812 974 961 gui
989 889 1149 962 concinit
1163 887 1336 964 Aristote-

161 976 213 1052 les
233 974 371 1052 Pohtrc.
393 979 414 1051 l.
442 999 524 1052 111.
547 997 579 1056 c.
603 981 634 1054 8.
663 981 724 1057 ubi
744 983 875 1059 Medos
896 984 930 1058 ἃ
955 985 1168 1078 Babylonios
1190 985 1334 1060 aPerfis

159 1073 252 1170 saepe
267 1073 368 1150 fuisse
382 1073 537 1150 aureos
552 1075 685 1169 refert3
714 1081 810 1172 quod
825 1085 996 1178 aliquando
1010 1107 1120 1156 rerum
1135 1083 1274 1157 dandulo
1289 1105 1336 1156 er·

150 1171 231 1272 sent
242 1179 357 1268 potiti.
407 1175 659 1250 succurramus
673 1175 790 1268 itaque
805 1177 1059 1272 Xenophonti,
1081 1178 1266 1272 &Cyrum
1278 1181 1336 1272 jus

155 1271 197 1358 in
219 1291 374 1366 regnum
395 1270 617 1359 Medorum,
645 1271 745 1362 quod
763 1270 836 1345 filia
853 1273 1015 1370 Astyagis
1036 1273 1138 1346 duda
1150 1275 1339 1366 acquisive,

155 1383 242 1457 rat,
275 1367 337 1440 ve'l
356 1365 621 1460 protendebat,
655 1366 762 1440 armis
782 1367 884 1442 fuisse
908 1369 1153 1463 persecutum,
1178 1369 1232 1461 u,
1259 1392 1341 1446 cutm

153 1463 269 1544 Medi
289 1460 364 1541 sese
386 1485 434 1536 eo
453 1477 621 1555 tempore
642 1460 770 1553 sponte
790 1462 965 1553 subjicere
984 1465 1197 1554 noluissent,
1223 1467 1261 1538 vi
1279 1487 1342 1542 eus

159 1556 336 1658 subegisse
358 1557 531 1636 dicamus.
580 1556 623 1630 In
644 1579 718 1648 quo
736 1557 825 1634 nihil
849 1557 929 1648 est,
961 1561 1057 1655 quod
1078 1559 1231 1635 offendit
1242 1585 1260 1650 3
1293 1583 1340 1637 eo

160 1661 301 1748 minus,
337 1655 436 1750 quod
455 1655 676 1730 simultatum
690 1657 787 1740 inter
801 1653 1200 1752 Cyaxarem.&.Cyrum
1221 1659 1339 1752 aliqua

30 1805 31 1826 .
162 1761 269 1856 origo
286 1775 329 1828 er
342 1751 420 1848 ipso
433 1749 678 1844 Xenophonte
692 1747 793 1844 poffit
807 1753 896 1828 erui.
935 1751 990 1828 Ex
1004 1753 1081 1849 ipso
1095 1756 1191 1831 enim
1205 1755 1337 1848 liquet,
1398 1829 1407 1842 ,

166 1856 365 1948 Cyaxarem
386 1851 504 1926 uadis
527 1851 630 1922 oculis
649 1871 840 1944 prosperos
860 1849 947 1946 Cyri
969 1850 1140 1926 successus
1159 1851 1264 1926 suisse
1286 1853 1338 1928 iri·

167 1953 304 2032 tultum
317 1950 341 2022 l.
355 1969 388 2024 V.
404 1971 440 2044 p.
457 1949 541 2039 146.
567 1947 764 2037 Praeterea,
790 1947 971 2042 Babylone
989 1949 1102 2045 prima
1116 1953 1196 2024 vice
1211 1965 1339 2046 capta,

168 2052 284 2145 Cyrus
299 2047 391 2143 apud
401 2045 687 2140 Xenophontem
702 2042 773 2118 sese
788 2066 861 2122 non
878 2063 949 2124 tarn
965 2047 1092 2122 ducem
1106 2047 1341 2144 ampliussub·

164 2148 322 2246 iesum,
346 2165 452 2238 quam
466 2167 575 2241 regem
589 2140 707 2242 gessit,
732 2157 772 2219 ut
785 2142 888 2240 supra
906 2143 1111 2221 observari:
1138 2145 1234 2240 quod
1251 2147 1338 2240 quin

167 2245 321 2342 Cyaxari
334 2265 424 2341 egre
439 2242 570 2330 fuerit,
596 2241 909 2317 dubiumnonest.
960 2243 1018 2318 Ad
1032 2243 1106 2316 haec
1119 2242 1341 2318 accesserunt

168 2346 368 2421 fortunate
389 2337 474 2431 Cyri
493 2339 738 2434 expeditiones
752 2340 790 2413 in
806 2337 894 2414 Afiae
907 2341 1053 2416 minoris
1069 2341 1245 2432 populos,
1269 2338 1340 2428 Ly·

171 2443 263 2529 dos,
298 2435 474 2528 aliosque,
504 2457 586 2528 quas
608 2435 688 2532 post
708 2437 875 2510 Bahelem
902 2435 964 2509 sub
987 2435 1200 2529 potestatem
1215 2433 1343 2510 Medo·
1528 2513 1531 2522 ,

170 2531 259 2616 rmn'
279 2529 456 2606 redaslam
478 2532 650 2628 suscepit,
683 2534 728 2608 de
752 2557 825 2628 quo
843 2532 955 2607 modo
981 2531 1124 2608 monui:
1157 2528 1252 2602 unde
1268 2549 1345 2606 non
1412 2539 1415 2546 ’

170 2633 386 2733 potuitnon
400 2629 540 2703 invidiae
557 2625 700 2707 stimulis
715 2633 769 2730 a'gi
785 2631 980 2726 ,cyaxares
1018 2626 1088 2706 Sed
1103 2627 1147 2702 de
1162 2647 1208 2702 eo
1223 2647 1344 2702 recur-
1401 2627 1404 2634 ’

171 2747 231 2809 ret
250 2727 391 2806 oceaslo
407 2726 603 2802 adcuratius
621 2730 760 2826 agendi.

221 2835 255 2921 §.
270 2823 405 2900 XXVI.
457 2847 490 2918 3.
517 2825 787 2922 Consideremus
810 2825 965 2923 postremo
998 2825 1137 2904 bubalis
1165 2841 1343 2924 expugna·

174 2945 249 3016 tc,
279 2922 435 3021 &regni
458 2921 666 3016 Babylonici
687 2924 820 3014 eversr,
855 2923 1131 3000 circumstantias
1165 2945 1269 3016 quam
1294 2919 1346 2995 di·

179 3019 376 3098 verissimis
396 3041 440 3093 ex
453 3018 701 3116 Xenophontis
717 3023 752 3096 dc
766 3022 917 3099 aliorum
932 3019 1181 3097 historicorum
1203 3017 1345 3091 relatio·

181 3123 305 3202 nibus:
331 3140 474 3212 quarum
487 3121 675 3214 praecipuae
690 3119 772 3198 sunt
785 3118 981 3217 sequentes
1032 3151 1064 3195 a.
1090 3117 1228 3193 Urbem
1242 3137 1262 3188 a
1276 3112 1345 3208 Cy·

175 3241 247 3311 ro,
281 3215 343 3292 sub
368 3215 522 3312 auspiciis
543 3214 710 3307 Cyaxaris
730 3219 925 3296 Medorum
946 3241 986 3294 re
1011 3220 1056 3310 's,
1089 3213 1191 3289 fuiffe
1208 3213 1346 3307 supera·

179 3335 252 3396 tam
275 3313 500 3409 Xenophon,
530 3310 590 3389 sed
613 3335 634 3386 a
657 3311 753 3404 Cyro
768 3338 852 3412 rege
870 3317 950 3410 post
1003 3317 1092 3391 edos
1108 3316 1181 3406 jam
1197 3309 1348 3383 debella·

184 3431 239 3491 tos
259 3414 296 3487 id
315 3411 386 3487 elle
408 3411 563 3500 fanum,
588 3410 716 3505 reliqui
730 3407 896 3487 historici.
946 3417 982 3501 β.
1008 3413 1145 3506 Regem
1158 3403 1349 3512 Babylonis

184 3511 284 3590 fuisse
306 3511 462 3588 occisum
482 3508 756 3604 Xonophontis,
790 3503 850 3579 sed
872 3529 913 3581 ca
937 3525 1034 3594 tum,
1067 3507 1268 3575 humaniter
1281 3511 1349 3573 tra·

185 3609 333 3700 ilatum,
367 3607 618 3686 &Carmaniae
636 3605 767 3703 aCyro
785 3602 897 3702 praese
959 3625 1015 3694 rn,
1041 3599 1281 3694 reliquorum,
1306 3610 1350 3674 ut

35 3771 36 3804 ,
185 3708 386 3795 Herodoti,
414 3705 533 3780 berosi
547 3707 581 3782 u
595 3705 851 3805 Megasthene,
876 3703 985 3778 habet
998 3699 1163 3776 narratio.
1215 3728 1250 3795 y.
1276 3695 1350 3772 Ad·

35 3807 36 3828 ¹
184 3801 389 3902 dipotest,
430 3802 647 3895 Babylonem
669 3821 833 3900 tempore
856 3800 966 3893 festi,
998 3800 1093 3896 quod
1121 3797 1354 3872 Saturnalium

35 3913 36 3928 ¹
185 3903 345 4002 speciem
364 3898 567 3992 referebat,
598 3911 737 4000 captam
759 3899 861 3980 suilic
874 3899 1068 3988 secundum
1081 3895 1259 4064 Herodoct.
1274 3895 1354 4084 ld.
