3504 4782
426 343 475 416 to
591 319 1418 415 'Dissuurnrrolilts

426 530 610 628 Hystaspis
630 533 775 606 indicari
795 532 884 608 nihil
902 533 948 609 ‘srt
969 533 1127 610 certiuss
1162 529 1304 610 Retiius
1325 532 1396 609 huc
1411 532 1594 629 pertinen·

430 631 528 726 quod
548 629 668 705 austor
689 635 889 730 argumenti
911 633 1105 730 Tragoediae
1118 629 1301 725 AEschyli,
1327 654 1403 724 quae
1417 631 1528 705 Persae
1541 630 1592 707 in·

356 767 362 792 ι
428 727 612 824 scribitur,
649 729 761 803 tribus
790 729 913 804 Dariis
941 729 1120 806 recensitis
1147 727 1332 822 subjiciat,
1370 733 1474 825 aliqui
1494 733 1595 802 etiam

428 842 583 922 quartum
604 821 753 899 Darium
765 821 870 923 fulffe
886 831 1068 924 perhibent.
1120 825 1283 922 cyaxaris
1307 846 1396 926 vero
1416 847 1461 900 ex
1483 823 1595 900 Patris

429 921 775 1020 nomineoriginem
795 926 901 998 traxit
921 925 1015 1018 apud
1037 924 1330 1017 Xenophontem.
1389 920 1473 996 Fuit
1486 921 1595 1000 enirn

427 1014 520 1092 filius
540 1015 726 1116 Alosum,
757 1019 856 1112 quod
877 1039 1011 1099 nomen
1031 1021 1129 1096 idem
1152 1019 1203 1092 est
1223 1041 1264 1094 ac
1288 1018 1473 1115 cyaxaris3
1507 1030 1594 1092 uta

428 1111 556 1188 Dostis
579 1113 652 1202 jam
678 1113 916 1193 observatum.
964 1115 1046 1192 Nec
1073 1115 1279 1214 fignificatio
1299 1117 1485 1212 nominum
1505 1111 1595 1190 nul·

429 1211 509 1285 tum
523 1205 657 1285 differt.
673 1212 869 1287 oinomeli
883 1211 1027 1308 ὀξυάρης,
1058 1211 1294 1308 &prepofito
1309 1240 1339 1324 lp
1357 1211 1409 1285 est
1423 1209 1596 1306 κυωξοίμις,

427 1304 488 1379 Ku
508 1319 629 1380 autem
647 1305 688 1380 in
714 1306 817 1406 Ling.
848 1302 984 1382 Perfice
1007 1306 1058 1382 est
1079 1309 1219 1390 utine.
1252 1305 1336 1382 Vid.
1367 1307 1421 1383 Ill.
1443 1309 1596 1405 Scaliger

427 1400 582 1476 Emend.
605 1400 736 1492 Temp.
758 1424 794 1494 p.
817 1409 901 1496 587.
950 1404 1110 1482 Nomina
1126 1425 1217 1480 vero
1233 1401 1358 1500 ὀξυαίρης
1372 1403 1408 1476 &
1422 1409 1526 1502 Ξέρξης
1541 1425 1598 1477 ea·

428 1497 513 1567 dem
540 1495 640 1582 sunt,
671 1495 705 1565 δι
726 1493 924 1592 fignificant
940 1502 1041 1596 rigator
1063 1505 1241 1587 martium,
1272 1503 1476 1592 lrellatorurr,¹
1507 1498 1599 1574 testo

368 1674 371 1680 A
429 1588 609 1664 Herodot.
631 1588 655 1660 l.
678 1611 728 1660 vr.
750 1591 916 1682 proprie,
942 1606 983 1665 ut
1000 1606 1103 1684 putat
1121 1593 1175 1666 Cl.
1189 1596 1237 1666 H.
1255 1594 1433 1668 Relandus
1448 1597 1493 1666 de
1506 1596 1600 1670 Vet.

429 1683 535 1782 Ling.
556 1680 662 1773 Pers„
684 1681 828 1780 Leonem
841 1694 959 1780 regem.
1008 1685 1137 1760 Darius
1151 1683 1266 1774 vero,
1291 1685 1420 1763 eodem
1432 1689 1599 1766 Herodo-

431 1799 475 1860 to
493 1780 604 1871 teste,
635 1779 686 1855 est
704 1781 810 1880 ίςξᾶης
831 1785 1007 1871 coiroitor,
1039 1801 1106 1876 pro
1131 1782 1184 1856 rie
1202 1781 1275 1856 live
1289 1781 1454 1874 ferocem,
1479 1785 1514 1860 δι
1521 1786 1597 1879 for.

263 1905 272 1919 ·
430 1895 519 1969 tem,
545 1877 619 1951 live
646 1877 829 1953 Dominum
850 1875 980 1977 srgnat,
993 1893 1045 1953 'ut
1071 1879 1087 1953 Ι
1113 1899 1170 1955 em
1185 1879 1252 1951 Vir
1266 1877 1412 1956 Dotiill.
1428 1883 1508 1957 Rel.
1523 1885 1547 1958 l.
1562 1906 1597 1962 c.

431 1973 612 2050 observat.
662 1972 752 2073 Quae
772 1975 961 2070 quamlint
973 1972 1122 2065 adfinia,
1146 1977 1183 2050 in
1199 1977 1324 2050 oculos
1340 1979 1501 2054 incurrit.
1516 1979 1597 2056 No·

432 2072 570 2147 minum
593 2069 756 2165 Cyaxaris
775 2071 809 2144 u
829 2071 935 2146 Darii
950 2070 1117 2146 ‘confusio
1134 2071 1256 2146 nescio
1275 2093 1320 2146 an
1341 2069 1542 2166 Hieronymo
1558 2077 1599 2154 in

420 2167 555 2262 ,Epitn
578 2165 662 2241 iub.
684 2167 719 2240 δι
743 2167 851 2242 Suidae
871 2168 907 2242 in
926 2162 1081 2242 Thalete
1103 2168 1333 2264 imposuerit,
1358 2189 1442 2252 cum
1461 2169 1598 2264 Scythi-

352 2327 355 2336 .
431 2285 516 2339 cum
532 2265 667 2339 bellum
683 2263 792 2339 subC
813 2283 913 2338 arare
930 2287 961 2339 r.
977 2265 1176 2340 adscribunt
1192 2265 1314 2340 Dario.
1544 2299 1548 2308 ·

325 2425 326 2428 ,
483 2366 515 2452 §.
533 2355 678 2435 XXXV.
728 2382 762 2434 t.
825 2367 917 2434 arius
944 2361 989 2434 ad
1014 2359 1301 2452 ellatur'Medus,
1335 2362 1532 2456 &quidem
1554 2381 1600 2442 ex

423 2458 551 2556 semine
573 2456 768 2548 Medorum,
786 2453 883 2550 filius
902 2383 1069 2554 Ahafruri
1089 2460 1184 2534 Dan.
1208 2477 1263 2533 rr:
1287 2479 1319 2534 r.
1341 2481 1412 2552 quo
1435 2457 1602 2556 fignifica-

427 2569 515 2642 tur,
540 2551 653 2644 ipsum
676 2562 751 2626 non
774 2567 912 2627 tantum
932 2578 953 2626 a
973 2556 1073 2653 regio
1095 2553 1288 2630 Medorum
1310 2555 1476 2652 sanguine
1496 2555 1603 2632 fuilie

348 2715 357 2734 r,
432 2661 594 2735 cretum,
626 2665 714 2740 quae,
723 2647 901 2741 puratos,
924 2669 974 2722 'ex
983 2651 1110 2748 semine
1126 2647 1323 2739 Medorum,
1354 2651 1602 2746 potessus'est,

432 2761 474 2822 ut
496 2741 591 2817 reite
616 2743 757 2819 notavit
775 2739 923 2819 Dostill.
946 2744 1133 2845 Vignolius
1149 2743 1285 2821 Cirron.
1306 2745 1340 2818 S.
1354 2747 1378 2818 l.
1392 2767 1428 2819 v.
1444 2769 1476 2818 c.
1493 2768 1547 2839 13².
1564 2773 1602 2844 pr

435 2861 518 2934 521.
556 2833 617 2912 'sed
641 2837 684 2914 &¹
704 2839 896 2940 Cyoxaris,
936 2841 995 2936 qui
1024 2845 1127 2917 Pater
1145 2839 1216 2917 fuit
1236 2839 1423 2938 Astyagis,
1454 2839 1602 2939 :filium

434 2933 700 3111 tltilltllt
722 2937 1600 3132 iiiiiiiffiseiriiriiiidiioii’aiil

699 3090 708 3109 ι
1305 3085 1318 3125 5
1613 3093 1617 3102 ·

432 3130 652 3231 remittent
666 3130 780 3226 filium
799 3132 979 3232 Astyagis,
1006 3134 1067 3228 qui
1080 3133 1193 3209 frater
1207 3135 1283 3230 ejus
1297 3133 1388 3213 fuit:
1413 3065 1598 3230 quodum

434 3248 478 3303 ex
493 3229 683 3304 Herodoto
696 3229 828 3325 liquet,
853 3231 915 3324 qui
929 3232 1033 3328 prole
1047 3228 1202 3309 martula
1215 3231 1316 3308 fuiffe
1332 3231 1599 3323 orbumAstya-

433 3349 516 3428 gem
531 3325 703 3416 testatur,
743 3331 798 3404 uti
822 3341 951 3406 notum
973 3327 1047 3420 est,
1080 3345 1157 3407 tum
1179 3353 1224 3420 ex
1237 3327 1393 3400 Daniele
1408 3339 1513 3400 extra
1533 3327 1597 3404 du·

434 3427 533 3501 biunr
562 3426 771 3502 collocatur.
832 3427 865 3502 Is
888 3427 984 3503 enirn
1011 3427 1157 3517 adserit,
1191 3421 1340 3496 Darium
1360 3421 1463 3497 fuisse
1484 3421 1598 3504 lilium

434 3523 617 3619 Cynosuris,
644 3521 724 3615 vel,
748 3525 847 3618 quod
866 3525 960 3598 idem
982 3522 1056 3612 est,
1085 3517 1269 3614 Alasuerir
1293 3537 1464 3612 praeterea
1484 3544 1597 3598 annos

434 3622 480 3689 62
495 3617 667 3709 habuilie‚
697 3643 778 3698 curn
792 3624 837 3696 ad
849 3640 999 3716 regnum
1010 3615 1267 3712 Babylonicum
1281 3619 1464 3710 pervenit:
1479 3621 1596 3710 quod,

433 3711 459 3787 st
487 3704 645 3810 Astyagis
671 3713 983 3807 filius¹statuatur3
998 3751 1002 3762 ·
1017 3713 1206 3790 consistere
1239 3719 1374 3807 nequit.
1436 3713 1598 3794 Uxorem

432 3809 529 3890 enirn
552 3809 650 3892 dtuit
671 3811 862 3916 Atnnen
888 3815 1145 3912 quo'tempore
1159 3807 1299 3894 finitum
1315 3809 1367 3887 est
1381 3810 1512 3981 bellum
1527 3811 1597 3904 Ly.
