3426 4756
261 433 320 492 tn
368 406 744 495 varrcrurn
790 407 1123 502 uaurttrs.
1199 447 1270 524 Ν
1324 366 1329 376 ’

119 597 349 685 emendetur,
373 597 408 672 da
430 595 623 692 prudenter
639 596 860 691 explicetur,
884 594 1056 680 verillima
1070 597 1265 692 deprehen·

118 701 239 803 delur:¹
264 695 361 789 quod
380 695 465 785 hac,
491 695 525 768 dt
530 689 703 790 sequente,
727 693 980 772 Dissertatione
998 717 1164 794 peragere
1177 719 1265 792 pro·
1396 706 1418 736 '·

170 791 272 876 satum
290 789 352 867 est.
1027 870 1029 878 ,
1093 869 1096 876 ,
1344 867 1350 876 .

119 817 198 982 μῦς.
216 890 277 966 111.
302 887 411 987 Quod
434 903 620 982 antequam
644 889 846 988 adgrediar,
879 892 978 990 regni
1002 895 1110 986 quinti
1130 891 1277 968 emble,

93 1002 347 1078 meneutam
366 985 403 1059 in
420 981 568 1082 Lepide,
594 986 638 1057 de
654 1004 777 1060 monte
792 986 955 1080 delapso,
976 1007 1084 1083 ‚quam
1105 989 1142 1063 in
1161 985 1265 1061 Mon*

118 1098 176 1176 tr,
202 1105 310 1157 exeo
331 1099 434 1163 orto,
460 1081 689 1176 quaerendum
705 1082 795 1170 essee
822 1084 900 1172 vel,
925 1084 1039 1176 srquis
1056 1085 1175 1170 malit,
1199 1083 1262 1158 du·

115 1183 246 1275 plicem
260 1177 328 1253 elle
348 1179 447 1272 regni
465 1175 577 1269 quinti
592 1179 759 1274 epocham,
785 1176 1031 1270 duplicemque
1047 1178 1262 1272 craspeilum,

116 1277 298 1350 observari
314 1275 433 1346 velim.
481 1271 591 1370 Quod
606 1273 719 1348 minus
734 1273 1012 1348 animadversum
1026 1274 1070 1346 ab
1087 1273 1278 1366 Interprer

118 1373 214 1454 tibus
235 1369 328 1454 haud
350 1369 452 1442 unius
466 1369 594 1442 erroris
612 1365 727 1442 ausam
744 1369 912 1462 prabuita
937 1369 1028 1442 viam
1044 1368 1206 1462 proferto
1221 1369 1265 1444 ad
1302 1365 1306 1374 '

119 1467 194 1540 Visa
213 1462 433 1540 intellectum
454 1465 557 1558 plane
580 1463 770 1539 obstruxit.-
811 1461 953 1558 Duplici
967 1465 1010 1538 de
1028 1468 1193 1558 epocha,
1219 1467 1265 1547 al·

121 1577 199 1636 tera
228 1561 369 1656 priore,
406 1559 515 1634 altera
536 1559 753 1652 posteriore,
793 1559 939 1636 testatur
961 1580 1041 1638 cum
1063 1561 1202 1654 lapidis
1222 1563 1262 1648 in

117 1657 485 1747 Statuamimpetus,
526 1677 631 1749 quern
659 1655 846 1730 destructio
874 1659 950 1750 ejus
970 1658 1135 1750 excepit,
1167 1672 1279 1743 ante·
1382 1667 1402 1684 ⁸
1444 1761 1446 1768 y

120 1777 225 1850 quarn
246 1755 286 1828 in
308 1752 458 1826 Mentem
480 1753 659 1841 exerevit,
685 1767 760 1829 tum
773 1753 931 1828 Danielis
945 1753 1194 1848 interpretatio
1211 1751 1263 1838 mi

82 1879 86 1886 ·
119 1874 187 1943 44,
212 1870 301 1944 qua,
326 1852 517 1942 temporibus
537 1852 648 1924 burum
670 1873 804 1949 regum,
837 1872 972 1948 pnanm,
997 1871 1144 1947 regnum
1165 1867 1263 1938 ,εἰςτ-

88 2030 91 2040 ,
119 1969 206 2024 num
229 1944 298 2022 elle
319 1968 340 2020 a
359 1943 440 2023 Deo
462 1945 709 2035 condendum,
743 1942 870 2036 diserte
886 1946 1032 2020 dicitur:
1060 1970 1162 2040 quam
1178 1971 1263 2042 prae·

40 2055 43 2060 “
120 2043 330 2138 positionem
353 2063 398 2115 ne
422 2043 498 2134 quis
513 2040 583 2136 puss
601 2059 778 2130 verteret,
817 2041 901 2114 licet
922 2063 1027 2117 verus
1047 2047 1122 2134 ejus
1136 2041 1262 2139 signifi·
1346 2123 1350 2145 ,

120 2136 374 2234 eatuspraesem
398 2154 536 2230 tempus
558 2137 693 2234 lignee,
726 2159 810 2210 mox
831 2135 989 2224 additur,
1024 2161 1170 2235 regnum
1192 2142 1263 2216 hoc

119 2233 229 2312 finem
253 2232 496 2326 irnposrturum
521 2234 658 2326 regnis,
689 2235 726 2305 in
746 2232 865 2304 Statua
879 2231 1035 2322 depictis.
1086 2235 1263 2325 inciperet

118 2334 243 2423 itaque
265 2349 414 2423 regnunt
434 2331 604 2420 quintum,
631 2325 742 2398 stante
758 2346 868 2420 regno
880 2340 1015 2418 quarto,
1040 2328 1083 2398 ad
1098 2330 1195 2417 cujus
1212 2327 1261 2404 di·

118 2425 195 2498 visa
216 2445 325 2519 regna
347 2420 490 2516 respicit.
507 2421 693 2496 relativum
709 2443 832 2506 eorum,
857 2421 893 2491 in
915 2419 1046 2512 phrasr,
1072 2428 1264 2516 temporibus

93 2575 98 2585 ·
118 2544 237 2618 regum
256 2523 406 2608 illorum,
432 2533 472 2590 ut
493 2539 538 2590 ex
561 2537 656 2590 nexu
670 2516 803 2610 liquet:
828 2511 885 2586 sed
900 2513 1102 2592 ostenderet
1118 2517 1187 2596 sese
1205 2520 1263 2592 de.

117 2639 219 2702 naum
244 2619 281 2690 in
305 2637 388 2688 vera
410 2612 467 2688 sua
489 2613 605 2685 forma
624 2609 701 2706 post
717 2632 823 2704 regna
837 2609 1097 2703 illadestrudia3
1123 2616 1263 2708 quando

117 2736 165 2790 ex
184 2711 316 2807 Lepide
341 2709 500 2807 surgeret
523 2705 634 2782 Mons.
684 2705 791 2803 Quod
805 2707 1001 2792 luculenter
1017 2730 1062 2782 ex
1076 2711 1264 2788 alteroVi-

109 2809 149 2907 so
171 2807 419 2896 confirmatur,
445 2805 481 2878 in
504 2827 575 2898 quo
597 2801 889 2894 utriushominis,
915 2827 988 2879 non
1005 2804 1066 2879 nisl
1079 2805 1157 2901 post
1173 2809 1262 2900 judi.

117 2909 213 2981 cium
234 2907 271 2978 in
293 2903 435 2992 bestias,
470 2900 736 2995 representatur
757 2925 893 2996 regnum
915 2900 1093 2995 consequi.
1150 2903 1260 3004 Quod
1299 2967 1301 2972 ,

116 3024 202 3078 cum
217 3001 335 3094 priore
352 2999 436 3072 Viso
453 2997 577 3070 reiiius
591 2996 771 3072 conciliari
788 2998 932 3090 nequit,
957 3021 1060 3092 quarn
1076 3017 1117 3073 ut
1130 3001 1263 3097 duplex

118 3096 223 3195 regni
245 3093 380 3189 epocha
397 3091 619 3167 admittatur:
645 3091 835 3168 secundum
852 3114 956 3187 quam
973 3116 1082 3170 unum
1096 3098 1262 3193 idemque

118 3213 272 3292 regnum
296 3189 422 3282 partim
441 3205 601 3280 tempore
623 3187 759 3282 Regum
781 3191 880 3296 regni
903 3191 1034 3280 quarti,
1065 3207 1107 3264 ut
1127 3202 1202 3288 capss
1217 3217 1260 3272 11:

117 3295 180 3385 424.
208 3281 362 3380 expresse
386 3281 554 3368 habetur,
579 3282 705 3368 partim
725 3280 801 3374 post
824 3282 908 3354 illud
927 3283 1010 3358 loco
1033 3300 1194 3372 motum,
1221 3307 1263 3364 ut

119 3388 243 3462 montis
266 3381 460 3467 emblema,
500 3372 680 3451 &Visum
698 3396 774 3470 cap.
799 3397 865 3450 vn.
883 3375 1065 3471 postulat,
1105 3381 1261 3460 ereetum

122 3482 217 3570 elle,
241 3478 389 3574 intelligi
403 3471 529 3570 potest.
608 3500 610 3504 ¹
884 3472 887 3480 ’

70 3669 71 3672 ¹
172 3584 207 3668 §.
229 3572 294 3648 lV.
319 3573 461 3668 Duplici
487 3568 568 3644 huic
590 3567 734 3667 epocha
758 3567 1156 3648 lumenomomentum
1172 3575 1263 3660 haud

125 3676 295 3770 exiguum
304 3669 409 3744 addet
425 3673 531 3766 quinti
544 3690 582 3740 re
609 3667 645 3740 ni
657 3666 783 3764 duplex
798 3660 994 3762 corffpellus,
1020 3689 1062 3739 ex
1077 3691 1171 3762 que,
1188 3694 1261 3752 non

127 3786 202 3848 tam
229 3765 407 3864 Lapidem,
447 3787 550 3858 quarn
621 3778 744 3854 entem,
775 3767 819 3836 e'x
847 3783 891 3836 eo
910 3778 1051 3852 nattam,
1082 3765 1264 3852 illiunelle

129 3858 340 3964 imaginem,
365 3859 531 3960 patescet.
581 3861 721 3958 Duplex
741 3861 837 3937 enim
857 3857 1059 3958 conspectus
1079 3861 1154 3956 est,
1177 3869 1266 3948 alter

666 3955 776 4057 Qqa
1183 3967 1267 4044 mili.
1377 3965 1384 3976 ’
1490 4012 1498 4028 ·

1041 4248 1043 4252 ’
1108 4241 1113 4278 l
