3386 4744
399 421 466 478 to
539 399 658 484 DA
709 405 757 486 N.
835 430 897 484 xr:
949 429 1007 486 er.
1188 423 1258 500 543

109 573 306 662 culentius,
344 593 446 666 quam
471 597 648 672 unquam,
674 576 850 672 specimen
872 575 1058 652 dedit'hoc
1073 587 1261 667 tempore,

109 675 172 772 iph
187 671 255 745 elle
271 671 525 751 demandatam.

158 775 190 863 §.
210 767 289 845 CV.
317 767 374 842 De
396 772 499 864 hujus
520 776 611 848 duait
633 772 805 850 fruitione
824 795 944 849 coram
962 771 1146 852 Antiocho
1162 784 1262 846 ante·

111 892 213 964 quam
234 889 354 966 agam,
381 872 480 944 vocis
496 901 542 946 rm
561 871 603 956 [ᾗ
618 879 739 965 etlam,
766 877 825 944 vel
841 873 873 946 da
883 877 1091 967 glomeratio,
1118 868 1261 962 empha-

108 965 151 1044 hs
173 964 225 1039 est
248 969 476 1041 enucleanda.
527 971 695 1044 Admittit
717 971 812 1043 enim
834 971 870 1045 dc
884 971 1062 1062 particulae
1077 972 1202 1056 etiam,
1228 965 1262 1037 dt

109 1065 285 1154 nominis,
318 1059 378 1137 seu
403 1069 665 1160 glomerationes,
696 1064 948 1160 significatum
981 1067 1032 1142 est
1057 1067 1153 1140 enim
1182 1084 1264 1157 pro·

113 1163 191 1258 prie
216 1159 427 1236 substantiva
449 1183 522 1236 vox
543 1161 696 1260 segolata
713 1167 809 1252 Ulli,
837 1165 1086 1252 contractant,
1112 1162 1262 1234 aradice

113 1287 179 1336 nor.
229 1258 346 1356 Quae,
373 1280 455 1334 cum
478 1261 604 1335 vicinis
627 1289 713 1350 nm,
743 1289 815 1352 mr,
838 1262 872 1335 δι
896 1289 981 1353 rena,
1005 1262 1181 1360 originem
1204 1257 1265 1330 ha·

111 1361 176 1434 bet
189 1357 226 1430 in
239 1358 465 1452 glomerando,
491 1380 562 1451 quo
576 1361 725 1436 alterum
741 1361 842 1432 alteri
857 1361 1075 1458 adjungitur,
1103 1356 1196 1432 unde
1212 1377 1264 1427 aa·

114 1458 220 1532 tedere
243 1476 393 1530 numero
413 1456 585 1544 aliorum,
612 1458 646 1534 dc
666 1459 703 1534 in
718 1457 835 1552 specie
851 1457 895 1532 de
912 1474 1024 1552 puteo
1040 1454 1264 1542 abundante,

116 1554 216 1645 cujus
229 1573 316 1644 aqua
333 1556 510 1628 continuo
525 1554 669 1645 adfluit,
695 1554 790 1632 unde
804 1578 871 1650 pro
891 1559 1017 1654 vigore
1033 1551 1264 1640 inexhausto,

115 1648 219 1726 cursu
241 1649 312 1723 lese
336 1651 473 1746 semper
495 1652 539 1726 ad
562 1655 734 1746 majorem
755 1653 977 1728 alacritatem
993 1655 1200 1742 animante,
1225 1650 1264 1724 in

113 1768 246 1848 genere
272 1769 367 1822 vena
399 1747 460 1824 seu
482 1752 643 1842 virtutis,
675 1751 734 1826 seu
757 1753 995 1843 liberalitatis,
1034 1750 1096 1826 seu
1123 1748 1267 1824 alteriue

113 1849 185 1935 rei,
211 1843 375 1941 copiosa,
401 1847 436 1921 dt
456 1849 632 1923 continuo
645 1849 822 1924 adfluente
837 1851 1041 1926 adhibetur:
1067 1847 1163 1925 unde
1178 1867 1265 1940 quo-

114 1966 183 2040 que
204 1944 384 2038 particulae
405 1948 524 2036 etiam,
550 1969 628 2042 quae
654 1949 706 2020 rei
724 1947 965 2038 additionem,
992 1971 1060 2044 qua
1076 1943 1266 2039 aliquidal·

114 2045 184 2122 teri
199 2041 423 2139 adjungitur,
447 2043 632 2134 continet,
658 2044 737 2120 ulus
753 2044 857 2120 facile
874 2047 1067 2120 derivatur.
1118 2043 1176 2116 De
1191 2041 1267 2134 qui·

114 2141 181 2215 bus
203 2140 367 2212 omnibus
387 2138 520 2213 consuli
543 2142 652 2214 velim
676 2141 729 2215 Cl.
750 2143 935 2216 Schultens
949 2165 986 2229 a,
1012 2143 1070 2235 qui
1087 2137 1269 2213 substanti·

117 2259 206 2311 uum
231 2259 264 2310 or
283 2257 351 2330 pro
374 2239 486 2328 uigore
508 2238 660 2308 currendi
677 2237 746 2332 sese
762 2243 928 2310 animante
944 2239 1099 2310 feliciter
1116 2233 1269 2308 restituit

118 2334 227 2410 Prov.
248 2352 322 2406 xlx:
346 2353 381 2404 a.
431 2328 548 2428 Quam
569 2332 722 2407 formam
745 2333 779 2405 &
802 2331 1012 2427 potestatem
1037 2332 1142 2408 &hic
1160 2331 1268 2427 negli-

119 2430 269 2531 gendam
292 2427 415 2502 nolim.
468 2427 573 2502 Licet
592 2428 689 2504 enim
711 2429 880 2525 particula
895 2429 993 2505 etiam
1007 2433 1127 2504 locum
1143 2445 1268 2503 tenere

118 2525 243 2626 pellit,
284 2541 324 2602 ut
345 2523 463 2602 sensus
482 2525 546 2616 fit,
579 2527 698 2622 copias
720 2529 885 2623 viresque
911 2529 1170 2626 Aegyptiorum
1193 2548 1268 2600 non

120 2643 259 2718 tantum
291 2645 411 2700 coram
439 2623 514 2719 ipso
537 2624 753 2702 inundandas
774 2647 815 2700 ac
835 2627 1045 2724 frangendas
1069 2624 1168 2711 elle,
1208 2622 1269 2697 sed

120 2731 219 2802 etiam
242 2719 413 2798 invidum
434 2725 515 2798 alias
535 2723 645 2798 durem
660 2721 804 2815 foederis
827 2723 977 2813 Diuini,
1003 2725 1039 2799 in
1055 2723 1177 2818 populi
1192 2724 1269 2816 ejus

118 2845 160 2898 ac
175 2820 330 2897 foederis
349 2819 543 2896 violatione
557 2843 598 2898 ac
616 2821 851 2898 destruftione
867 2846 934 2917 pro
949 2823 1068 2918 aliquo
1082 2837 1268 2916 tempore3

118 2919 209 2998 ficut
229 2917 383 3012 flaturus
411 2917 539 2996 diserte
567 2921 697 2996 dicitur
719 2921 921 2998 Antiochus
949 2937 1062 2996 cantra
1087 2923 1270 3016 principem

116 3022 327 3116 principum,
358 3015 565 3112 &populum
578 3017 766 3114 partarum
786 3035 1021 3118 corrupturus,
1054 3040 1131 3112 cap.
1155 3037 1266 3106 unt:

123 3137 185 3206 24,
208 3133 266 3202 25.
301 3125 455 3185 attamen
475 3117 646 3206 majorem
674 3118 878 3211 emphasrn,
915 3118 949 3190 da
973 3115 1171 3190 faciliorem
1195 3113 1270 3190 sen·

124 3211 200 3288 sum
216 3209 332 3283 adfert
353 3228 426 3280 vox
442 3209 654 3284 substantiva
675 3239 708 3284 m
722 3236 789 3306 pro
803 3219 1030 3308 glomeratione
1046 3212 1117 3285 sese
1132 3213 1270 3304 semper

125 3324 353 3383 renovante:
395 3305 451 3378 cui
484 3305 576 3379 haud
600 3329 722 3399 parum
745 3309 917 3383 momenti
938 3309 1032 3383 addit
1055 3307 1271 3386 constructio

126 3429 210 3488 cum
233 3432 293 3480 -rn
314 3398 503 3500 anteceffare
527 3401 694 3491 strenuo,
727 3407 785 3499 qui
809 3407 945 3500 populo
968 3405 1092 3498 praeit3
1119 3406 1177 3477 cui
1198 3407 1272 3500 glo·

127 3503 311 3592 metatio,
349 3499 410 3575 seu
435 3507 532 3596 vigor
554 3504 732 3592 currendi,
766 3505 824 3596 qul
848 3504 955 3577 etiam
976 3503 1080 3577 Prou.
1101 3523 1170 3577 xix:
1188 3523 1221 3575 a.
1237 3506 1272 3578 dt

127 3601 220 3678 Hah.
258 3623 289 3676 1:
323 3618 357 3688 9.
389 3598 543 3692 rehdet,
582 3600 705 3676 eadem
728 3603 856 3696 quippe
880 3599 1085 3693 metaphora
1110 3599 1272 3692 servata,

129 3696 296 3795 aptillime
326 3699 525 3791 convenit,
563 3719 734 3776 necnon
765 3722 865 3774 venae
895 3698 1081 3774 adfluentis
1109 3697 1274 3796 significa·
1310 3751 1311 3754 a

1220 3803 1274 3875 tio

131 3964 198 4084 up
212 3943 257 4084 ald,
269 3943 392 4022 florileg,
410 3946 528 4008 sentent.
550 3961 579 4026 p.
599 3959 665 4020 174.
687 3946 723 4010 ad
738 3947 832 4012 Harir.
851 3947 928 4013 coos.
944 3965 992 4010 ur.
1009 3965 1037 4028 p.
1054 3963 1123 4022 aar.
1140 3948 1272 4014 adl’tou.
