3514 4782
325 415 390 474 ru
439 389 802 474 narratura
850 395 1185 478 onnrrtrs.
1295 423 1342 526 rr

184 608 388 680 moveatur,
428 593 735 685 pronunciandum
759 594 855 683 eise,
895 597 955 670 vix
977 596 1028 669 est
1054 599 1147 692 quod
1168 599 1339 676 dubitem.

181 691 493 787 .Nebucadnezaris
513 691 625 787 gloria
644 714 708 785 per
732 691 902 784 septennii
919 717 1054 766 moram
1069 697 1161 768 inter
1176 691 1267 770 feras
1282 697 1357 769 ali'

184 791 264 884 quid
286 788 491 864 detrimenti
514 789 630 882 cepit,
669 788 865 882 &prosper
885 791 966 863 belli
987 787 1105 864 cursus
1129 814 1192 885 per
1207 795 1340 867 diutur.

174 898 259 970 ‚narn
282 885 370 978 'l'yri
390 881 619 958 obsessionem
640 886 758 976 aliquo
779 887 1129 981 modo'interceptus
1143 887 1215 978 est,
1240 906 1281 963 ut
1296 911 1340 964 ex

173 981 238 1056 Ez.
264 1002 358 1054 xxur:
386 983 438 1054 18.
462 981 654 1078 colligitur.
704 981 804 1054 Nihil
824 983 929 1058 simile
954 988 992 1057 in
1008 983 1104 1076 Cyro
1120 983 1190 1058 sese
1205 983 1338 1079 offert,

150 1080 236 1154 'niti
259 1077 412 1174 Scythica
434 1079 503 1152 huc
526 1079 683 1152 trahatur
706 1079 913 1172 expeditio:
952 1078 1011 1154 sed
1032 1083 1090 1154 cui
1112 1105 1240 1171 nemo,
1280 1083 1340 1175 qui

168 1176 417 1268 discrepantes
440 1191 605 1248 veterum
619 1175 664 1245 de
678 1173 764 1265 Cyri
779 1178 878 1248 exitu
890 1177 1109 1251 narrationes
1124 1180 1168 1251 ad
1181 1179 1339 1252 animum

166 1272 425 1356 revocaverit,
450 1270 485 1339 dt
506 1270 559 1338 rei
582 1269 916 1358 improbabilitatem
935 1266 1229 1360 confideraverit,
1254 1271 1341 1344 mul·

166 1381 255 1450 turn
271 1363 366 1437 fidat.
415 1361 560 1461 Quanta
574 1384 664 1434 vero
679 1359 763 1452 Cyri
777 1361 889 1436 fuerit
905 1385 967 1458 per
983 1387 1090 1440 omne
1104 1367 1187 1440 vitae
1202 1384 1340 1460 tempus

162 1459 409 1558 prosperitas,
436 1481 479 1528 ex
495 1459 686 1530 luculento·
698 1457 766 1526 Dei
780 1459 945 1548 promisso
955 1459 1024 1550 Jes.
1039 1483 1119 1534 xcv:
1139 1485 1248 1554 1—3.
1269 1463 1339 1536 elu-

165 1567 251 1643 cet,
292 1553 327 1628 dr
348 1553 392 1626 ab
420 1550 606 1626 Historieis
626 1547 867 1626 confirmatur.
923 1551 1052 1650 Quod,
1082 1577 1129 1628 ne
1153 1556 1196 1628 de
1217 1555 1336 1632 Xeno·

165 1657 307 1751 phonte
335 1649 469 1734 dicam,
511 1646 711 1734 Herodoti,
746 1645 841 1718 testis
862 1647 927 1718 hac
949 1668 1048 1742 parte
1070 1673 1143 1726 non
1165 1646 1334 1746 suspeeti,
1373 1703 1378 1716 ·

167 1748 380 1826 aueorrtate
407 1741 557 1816 firmasse
581 1738 771 1814 suffecerit.
816 1741 863 1840 vIs
883 1742 927 1815 de
950 1742 1045 1838 Cyro
1067 1749 1173 1822 tradit
1194 1750 1283 1824 l.·rr.
1300 1773 1333 1828 e.

172 1869 259 1932 204.
280 1847 347 1938 ejas
356 1839 521 1938 summam
536 1833 642 1936 sarffe
656 1845 693 1912 in
706 1840 799 1910 bellis
806 1831 1028 1930 felicitatem,
1054 1841 1097 1925 &⁹
1110 1868 1291 1940 parmaque
1294 1843 1334 1943 se

167 1945 214 2018 ad
232 1944 349 2014 beilum
371 1939 578 2012 corwartebat
597 1958 669 2009 eam
686 1949 814 2031 geatam
828 1939 919 2010 natta
932 1939 1019 2010 mado
1033 1947 1127 2033 potui
1154 1966 1174 2012 a.
1185 1943 1332 2020 eoram.

169 2037 293 2138 Quare
305 2033 441 2128 Justino
455 2035 479 2110 l.
496 2055 521 2109 1.
538 2055 571 2107 c.
588 2036 621 2107 8.
639 2055 710 2132 aaa
721 2031 817 2104 initio
832 2047 961 2108 tantam
977 2043 1091 2131 regni,
1130 2039 1168 2110 ed
1181 2043 1332 2114 contiuua

166 2141 271 2210 tatius
299 2139 448 2226 temporis
459 2125 607 2227 saraeffa
632 2124 869 2202 admirabiliter
890 2126 1028 2228 infigaris
1048 2131 1185 2209 dicitur.
1244 2139 1246 2144 ’
1282 2156 1333 2211 uo

166 2253 274 2308 vetus
303 2250 446 2323 quoque
474 2225 603 2302 ditium
630 2223 735 2312 facit,
767 2223 864 2320 Cyro
887 2241 1009 2306 terram
1032 2229 1066 2303 u
1087 2254 1175 2305 mare
1196 2231 1263 2327 ciffi
1290 2259 1329 2324 e,

32 2415 33 2420 η
159 2327 320 2430 saumque
343 2341 498 2398 normam
516 2319 654 2422 mutasti
682 2322 776 2416 apud
796 2321 941 2400 Lucian.
963 2323 1042 2417 Jud.
1064 2350 1146 2400 voc.
1192 2349 1245 2422 ag.
1266 2351 1326 2419 44.

166 2446 246 2598 2υο
271 2421 347 2512 ejus
368 2421 547 2494 heroicam
565 2422 735 2532 virtutem
756 2419 789 2492 dt
809 2417 1055 2516 prosperitatem
1069 2421 1151 2516 figni
1177 2423 1251 2532 cari
1266 2425 1328 2496 ob·

183 2538 290 2594 ervat
306 2515 354 2590 ad
380 2537 463 2590 eum
485 2517 599 2590 locum
621 2515 686 2588 Vrr
704 2517 866 2592 Summus
888 2515 935 2590 T.
961 2515 1213 2592 Hemsterhurs.
1270 2511 1327 2590 De

164 2614 401 2712 amplitudine
426 2635 513 2686 vero
531 2615 706 2707 utriusque
728 2614 826 2712 regni
843 2613 953 2690 modo
968 2611 1048 2687 dixi.
1099 2611 1329 2707 Posteaquam

164 2716 239 2790 duo
262 2713 447 2806 utriusque
469 2710 700 2786 Monarchiae
720 2709 929 2816 conditores
947 2711 989 2786 ad
1010 2711 1127 2804 plures
1143 2700 1327 2809 abiissent,

165 2811 248 2906 quid
269 2805 401 2904 quaeso
424 2829 537 2906 regno
560 2809 776 2902 Babylonico
797 2809 867 2922 fuit
889 2807 1082 2918 abieitiusi
1107 2809 1190 2904 quid
1212 2811 1336 2908 regno

165 2907 302 2984 Pertico
322 2929 388 3002 per
405 2905 556 3006 iongurn
579 2921 720 3000 tempus
741 2903 949 3003 gloriosius?
983 2903 1103 3004 Reges
1120 2901 1325 2999 Babylonici

169 3005 257 3079 nihii
282 3004 468 3098 praeclare,
506 3001 688 3078 Persarum
716 3025 805 3078 vero
833 2997 943 3080 muita
963 3001 1250 3098 praeclarissima,
1289 3003 1324 3076 dt

173 3101 331 3176 omniurn
352 3123 414 3175 ore
433 3098 718 3188 celebratissima,
749 3111 922 3200 egerunt(
959 3097 1122 3199 Regnum
1139 3096 1324 3192 Babyloni·

171 3219 253 3272 cum
275 3219 356 3270 mox
376 3197 417 3272 ad
439 3199 578 3272 ruinam
600 3195 621 3266 s
639 3195 787 3296 erravit,
813 3197 874 3272 sed
894 3191 1072 3276 Persarum
1092 3199 1194 3274 latius
1208 3192 1323 3272 adhue

166 3293 236 3374 sese
258 3293 438 3385 extendit,
465 3309 508 3368 ut
529 3291 589 3366 sub
610 3220 779 3403 Eambpse
801 3295 849 3368 ad
867 3293 1027 3401 lpbiair',
1060 3296 1121 3370 sub
1144 3293 1253 3400 Dario
1275 3289 1325 3394 'ad

170 3391 332 3486 Scythiam
347 3415 478 3486 usque,
502 3393 588 3462 mari
603 3405 750 3481 ejusque
765 3381 880 3478 infidis
894 3395 1034 3485 quoque
1049 3381 1189 3482 adiettis
1200 3381 1324 3476 ,teste

164 3483 310 3564 Platone
323 3491 360 3565 in
377 3491 571 3594 Menexen.
588 3507 624 3580 p.
640 3487 723 3577 239.
739 3483 773 3558 &
788 3481 951 3594 Thucyd.
965 3489 991 3556 1.
1011 3485 1089 3572 nd
1111 3485 1167 3592 16.
1221 3579 1229 3595 ι
1321 3503 1325 3517 ’

161 3577 343 3856 ἓξὲξ
364 3579 768 3779 {sistit-{titiis
786 3577 1324 3788 tdtitttiiitiiititltt

37 3867 38 3878 Ν
254 3779 437 3854 criterium
465 3779 625 3856 invenire
648 3774 744 3870 poffe
766 3777 1022 3870 desperantes,
1047 3775 1106 3854 vel
1128 3774 1164 3850 in
1186 3795 1324 3872 genere„

163 3879 207 3954 ad
224 3879 378 3959 morales
400 3875 581 3970 qualitates
602 3875 785 4050 ιεᾳυὶωὲἱε
806 3871 844 3950 dt
857 3868 1009 3971 justitiae
1029 3873 1245 4046 adtenduffi'
1277 3885 1319 3949 ut

1113 4031 1117 4040 ,
1230 3991 1325 4047 unae·
