3444 4778
414 429 481 485 ao
550 405 588 482 D
635 401 767 514 ΑΚΝ.
841 429 906 489 xr:
958 433 1037 510 7.-9
1235 418 1309 514 489

161 604 241 681 tur,
275 589 307 664 dr
320 587 405 694 filie
424 611 579 682 nomen,
612 593 770 686 exprell'e
798 593 974 682 additum,
1006 593 1175 688 postulem
1209 597 1308 672 dedit

161 691 255 764 enim
267 685 378 781 filium
392 688 487 764 suam
503 690 719 767 Antiochus:
741 688 985 784 reiiiusfiliam
1001 691 1199 766 &mulieres
1214 691 1307 767 seor·
1325 739 1329 746 ·

159 785 221 860 sun
245 807 307 880 per
333 785 588 881 adpositionem
618 790 793 883 capimus,
830 802 939 882 quare
963 811 1037 863 non
1059 807 1126 864 nur
1141 817 1210 879 na,
1245 789 1306 863 sed

158 909 301 958 nomn:
316 882 423 970 dixit,
448 880 600 976 profilia
614 886 648 957 dc
662 888 877 972 mulieribus,
904 883 1108 979 sensumque
1126 885 1309 960 constitui·

104 1063 106 1068 ,
157 999 255 1069 mus,
280 979 352 1051 five
374 977 498 1067 liliam,
523 1002 601 1072 quae
622 986 793 1052 mulierum
815 981 967 1074 plurium
987 981 1091 1054 instar
1114 999 1208 1068 erat,
1233 984 1306 1056 five

155 1071 235 1148 filiae
246 1073 421 1168 adjundias
435 1078 552 1172 plures
566 1077 647 1149 alias
661 1077 820 1150 foeminas
837 1079 1012 1168 comites,
1039 1078 1112 1174 regi
1128 1077 1246 1152 Austri
1260 1081 1305 1152 ad

156 1173 460 1270 corrumpendum
484 1195 632 1270 regnum
654 1174 730 1265 ejus
753 1172 823 1245 effe
839 1175 979 1248 dandas.
1027 1173 1192 1267 Utroque
1208 1175 1305 1252 enim

154 1271 269 1348 modo
282 1270 429 1366 intelligi
444 1270 585 1366 poliunt
596 1269 756 1366 phrases3
781 1277 907 1366 priore,
925 1267 1036 1362 filiam
1051 1275 1199 1346 mulieres
1215 1274 1305 1346 mitt

154 1365 238 1460 ἱρῇ,
264 1367 357 1442 idem
380 1369 468 1455 erit,
494 1389 533 1440 ac
549 1365 661 1460 filium
681 1370 783 1441 dando
806 1369 902 1442 dabit
922 1367 983 1464 ipsa
1003 1367 1104 1456 limul
1124 1373 1302 1456 mulieres,

154 1461 216 1534 seu
232 1462 430 1556 aptiffimam
446 1466 655 1554 mulierum,
682 1467 723 1536 ad
733 1467 949 1560 perdendum,
976 1487 1052 1557 quae
1074 1479 1210 1540 tantum
1233 1467 1304 1540 loia

153 1563 309 1655 poterit,
336 1576 504 1654 quantum
526 1562 642 1656 plures
662 1561 878 1654 conjundiae,
905 1583 984 1636 cum
1002 1564 1096 1654 quod
1111 1563 1302 1656 pulcherri-

152 1656 400 1732 maluerit&
426 1657 641 1746 astutiffima,
669 1675 744 1733 tum
768 1660 884 1752 quod,
916 1657 1151 1754 amphllinram
1175 1660 1301 1736 dotem

148 1751 369 1842 adferendo,
409 1755 687 1849 &potentissimi
716 1758 806 1851 regis
836 1757 1007 1828 Antiochi
1029 1760 1216 1832 amicitiam
1242 1753 1299 1835 fir.-
1362 1775 1365 1781 '

149 1852 304 1941 mando,
330 1868 370 1925 ut
390 1853 599 1942 videbatur,
626 1853 716 1948 apud
739 1875 857 1950 regem
879 1855 1069 1942 juvenem,
1095 1874 1135 1926 ac
1151 1851 1299 1927 effoemi·

148 1967 297 2035 natum,
324 1950 444 2022 omnia
463 1949 558 2046 polle
580 1950 804 2038 cenl'eretur3
833 1948 1025 2045 posteriore,
1045 1947 1125 2042 filiu
1146 1955 1296 2024 nrulieres

147 2063 255 2120 erunt
275 2043 346 2118 iilia
369 2045 589 2120 &foeminae
609 2049 725 2141 plures
745 2049 819 2119 aliae
843 2048 1011 2135 comites,
1044 2070 1141 2138 quae,
1168 2049 1202 2120 in
1220 2069 1295 2143 reg·

146 2164 235 2216 num
251 2143 508 2234 conspirantes,
532 2144 619 2214 illud
641 2143 744 2215 facile
764 2163 995 2236 corrumpere
1016 2141 1112 2236 polle
1129 2144 1296 2218 videban-

147 2253 217 2312 tur.
267 2237 444 2336 Quicquid
477 2235 545 2324 fit,
583 2253 741 2310 mentem
772 2239 950 2330 prophete
972 2239 1033 2331 vix
1060 2239 1295 2314 dubitaverim

149 2333 240 2422 elle,
269 2333 513 2422 Antiochum,
536 2330 642 2406 filiam
663 2330 756 2406 suam
772 2333 845 2426 regi
863 2331 983 2404 Austri
1000 2355 1079 2406 curn
1097 2351 1166 2407 tam
1182 2335 1295 2428 ampla

148 2434 234 2508 dote
263 2432 379 2504 dando
402 2431 437 2502 in
461 2431 746 2516 matrimonium,
771 2431 832 2525 ipit
855 2451 901 2501 eo
916 2429 990 2524 ipso
999 2427 1155 2518 feminas
1169 2430 1294 2506 misrffe

143 2531 189 2605 ad
208 2551 356 2626 regnum
370 2527 653 2622 depravandum,
679 2526 975 2622 quemadmodum
992 2525 1052 2600 sub
1070 2527 1172 2600 Patre
1194 2528 1293 2617 ejus,

143 2629 339 2702 Ptolemaeo
361 2625 604 2720 Philopatore,
641 2627 861 2720 contigerat,
893 2623 1032 2719 rege&
1055 2645 1167 2720 regno
1189 2626 1293 2719 plane
1425 2717 1428 2723 1

142 2722 333 2822 prostituto
356 2721 388 2794 ea
411 2741 581 2818 corrupto
604 2743 667 2818 per
689 2722 920 2818 Agathocliam
947 2720 980 2792 δι
1005 2720 1206 2804 Oenunthem
1224 2745 1293 2797 mu·

142 2837 225 2896 trem
244 2823 341 2916 ejur,·
366 2834 406 2892 ut
429 2819 528 2915 supra
549 2841 592 2893 ex
613 2818 749 2914 Justino
774 2821 809 2893 dt
828 2818 901 2891 aliis
916 2816 1090 2908 vidimus,
1111 2841 1178 2892 nec
1192 2819 1293 2916 igno·

142 2935 222 2995 tum
242 2917 305 2991 est.
355 2917 457 2996 illud.
470 2917 616 2991 voluille
634 2915 870 3014 prophetam,
896 2936 990 2988 voce
1011 2919 1183 2990 mulierum
1197 2917 1292 2991 addi·

47 3009 51 3016 ’
144 3034 199 3105 ta,
229 3038 273 3090 ex
295 3037 340 3087 eo
360 3014 453 3088 haud
474 3013 661 3090 obscurum
680 3014 751 3103 est,
778 3012 873 3106 quod
887 3012 1010 3101 addat,
1035 3013 1151 3088 datam
1165 3011 1291 3102 effeti,-

140 3117 225 3188 liam
249 3115 321 3209 regi
342 3113 386 3184 ad
406 3115 667 3205 corrumpendum
693 3135 727 3182 re
774 3134 849 3183 um:
881 3108 925 3182 ad
945 3108 1043 3202 quod
1062 3115 1212 3184 mulieres
1232 3134 1290 3205 ap·
1327 3174 1336 3184 .

140 3215 251 3286 tiores
268 3225 390 3298 erant,
418 3209 453 3281 &
466 3207 581 3301 quod,
606 3221 663 3281 tot
679 3221 715 3280 te
748 3207 825 3278 ibus
837 3207 1034 3300 exemplis,
1060 3205 1174 3302 pallim
1191 3207 1289 3281 fece·

141 3325 239 3386 runt.

187 3413 223 3499 §.
246 3401 370 3478 LXlll.
399 3399 522 3476 Filiam
544 3402 638 3477 enim
662 3399 779 3490 dedit,
803 3400 925 3474 multis
946 3398 1019 3470 aliis
1040 3395 1196 3492 stipatam
1210 3397 1288 3472 foe-

85 3513 88 3522 ’
139 3507 263 3592 minis,
289 3501 488 3576 Antiochus
503 3521 575 3574 non
593 3521 657 3587 eo,
683 3521 753 3592 quo
768 3498 853 3572 olim
871 3494 1132 3589 Philadelphus,
1153 3493 1286 3590 scopo,

140 3599 386 3693 olfaciendum
403 3601 690 3694 complorationes,
710 3595 801 3672 vers.
817 3597 874 3683 6.,
891 3591 949 3666 sed
963 3591 1006 3665 ad
1022 3594 1287 3685 corrumpendum

139 3721 297 3795 regnum,
323 3695 461 3792 agmine
487 3696 673 3770 mulierum
698 3697 734 3770 in
755 3691 844 3767 illud
865 3687 1024 3766 immisso.
1082 3687 1287 3768 Relativum

141 3798 238 3870 enim
260 3794 429 3882 foemin,
462 3793 499 3865 in
522 3794 636 3867 verbo
659 3797 802 3866 nmrrunh
820 3790 862 3862 ad
885 3787 1076 3884 perdendum
1101 3808 1190 3873 eam,
1215 3786 1286 3860 alio
1324 3869 1358 3895 -„

141 3913 181 3970 ac
194 3891 238 3967 ad
254 3895 348 3968 mam
365 3911 501 3986 regnum
512 3889 616 3967 initio
632 3887 775 3977 versus,
801 3886 951 3966 foemin.
968 3904 1110 3980 quoque
1121 3885 1284 3992 generis,

681 3982 775 4085 Q‘lq
1158 3981 1290 4088 referri
