3494 4802
343 429 477 503 ‘260
573 411 1391 532 orssansnrrorras
1462 421 1499 498 A

405 595 472 670 bus
493 591 672 690 AEegypti
691 587 883 685 eripuerit,
908 593 945 666 δι’
968 593 1027 669 srbi
1049 593 1304 685 vindicaverit,
1331 611 1372 671 ut
1391 597 1453 672 suo
1469 599 1554 677 loco

406 692 622 777 videbimus,
649 711 717 772 nec
732 689 884 763 historiae
899 693 1018 783 peritis
1040 694 1202 787 ignotum
1219 691 1288 768 est:
1316 693 1436 792 Quare
1459 700 1553 776 Dan.

405 809 453 862 xi:
482 793 537 862 16.
572 789 664 860 inter
690 783 785 882 gesta
813 788 984 861 Antiochi
1013 790 1066 861 M.
1096 811 1237 882 quoque
1264 791 1381 886 locum
1405 799 1555 890 accepit.
1603 828 1610 838 ·

403 883 575 959 Ceterum
599 883 675 956 haec
691 881 764 976 ipsa
780 883 951 956 Antiochi
972 885 1024 958 M.
1045 887 1224 978 expeditio
1242 909 1324 962 cum
1340 888 1453 964 ansam
1470 915 1557 986 prae.

405 983 528 1055 buerit
557 977 745 1054 invasionis
775 981 947 1054 Antiochi
975 980 1186 1074 Epiphanis,
1225 985 1369 1078 ejusque
1392 989 1555 1080 persecu-

407 1073 514 1152 tionis
545 1077 583 1150 in
613 1075 768 1163 ludaeos3
807 1077 1000 1151 commodo
1023 1078 1167 1156 transrtu
1187 1081 1367 1176 moxfseq.
1394 1085 1484 1159 vers.
1510 1087 1555 1162 ad

405 1173 578 1248 terribilia
601 1172 793 1268 Epiphanis
815 1171 974 1248 facinora
994 1177 1171 1272 pergitur:
1197 1175 1241 1250 de
1264 1201 1335 1271 quo
1352 1179 1474 1275 postea
1490 1184 1554 1260 suo

410 1271 507 1345 loco.

455 1373 486 1458 §.
502 1365 609 1441 XXX.
659 1367 839 1443 Habemus
855 1368 973 1463 itaque
991 1370 1107 1465 duplex
1124 1373 1303 1448 criterium
1318 1374 1489 1451 Antiochi
1499 1379 1554 1456 M.

406 1465 446 1538 in
469 1466 565 1538 hisce
585 1463 893 1557 expeditionibus3
919 1473 1059 1540 alterum
1083 1467 1155 1556 est,
1181 1472 1276 1561 quod
1289 1478 1415 1566 primus
1428 1497 1554 1572 regum

407 1562 515 1652 Syriae
537 1577 614 1634 turn
636 1559 706 1634 sese
721 1583 802 1638 cum
820 1559 952 1638 effectu
970 1579 1096 1637 contra
1110 1587 1229 1661 regern
1248 1567 1395 1666 AEgypti
1414 1575 1553 1648 extule-

403 1660 472 1746 rit,
498 1672 575 1730 tum
591 1658 811 1751 Coelesyriam
827 1681 868 1733 ac
882 1658 1036 1750 Judaeam
1050 1667 1298 1754 occupaverit:
1324 1673 1466 1744 alterum
1481 1671 1553 1764 est,

407 1754 503 1848 quod
525 1767 632 1842 ortam
654 1755 774 1829 versus
797 1755 963 1854 gloriosas
986 1756 1178 1850 susceperit
1196 1765 1452 1857 expeditiones.
1490 1768 1553 1842 De

405 1851 590 1924 Antiocho
610 1849 796 1946 Epiphane
821 1855 916 1928 enim
939 1853 1025 1928 nihil
1046 1856 1139 1928 aliud
1154 1858 1309 1948 constat,
1337 1887 1438 1956 quam
1454 1865 1554 1958 quod

406 1947 611 2035 Artaxiam,
652 1971 772 2046 regem
795 1951 996 2036 Armeniae,
1035 1952 1226 2045 devicerit,
1258 1972 1299 2030 ut
1322 1960 1434 2035 refert
1454 1965 1553 2058 App.

399 2043 509 2117 Alex.
531 2044 606 2135 Syr.
629 2067 663 2137 p.
690 2049 768 2121 188.
789 2046 821 2118 δι
840 2069 921 2120 ara.
948 2049 1043 2140 quod
1060 2051 1190 2141 phrasr,
1215 2053 1386 2151 magnifice
1395 2057 1463 2154 sese
1478 2083 1555 2133 ver.

288 2181 289 2188 κ
396 2137 459 2238 sas
480 2154 585 2214 ortum
606 2147 746 2230 extulit,
782 2145 882 2218 nullo
911 2145 1020 2220 modo
1042 2144 1219 2224 satisfacit.
1276 2153 1452 2246 Accedit,
1479 2157 1549 2230 Ar-

405 2239 558 2314 meniam
581 2238 694 2315 minus
716 2237 809 2314 redte
827 2240 871 2318 ad
884 2257 990 2316 artam
1005 2241 1112 2337 Syriae
1126 2245 1216 2338 dici,
1241 2270 1323 2324 curn
1340 2251 1383 2324 ad
1402 2253 1554 2348 Septen*

406 2339 560 2422 trionem
577 2336 850 2438 potiusspesiet‘.
1304 2405 1307 2410 .

452 2438 485 2524 §.
500 2433 624 2510 XXXI.
649 2435 906 2534 subjungamus
921 2461 1037 2531 nunc,
1064 2465 1140 2536 quae
1155 2442 1285 2518 innuda
1299 2449 1488 2542 prophetia
1501 2452 1549 2526 de

401 2530 571 2608 divisrone
595 2533 694 2628 regni
714 2533 942 2610 Alexandrini
968 2537 1142 2614 habentur
1162 2563 1238 2633 cap.
1267 2565 1323 2618 rr:
1340 2567 1375 2634 4.
1401 2551 1553 2643 nequid

395 2629 548 2718 aliquus
569 2629 741 2702 momenti
755 2629 919 2706 inratlun
940 2635 1145 2726 relinquam.
1199 2637 1317 2714 Verba
1330 2663 1373 2716 ex
1389 2667 1551 2722 commu.

403 2723 441 2801 ni
460 2721 620 2794 versrone
648 2723 801 2814 habent,
816 2717 1008 2822 'Postquam
1022 2729 1171 2821 steterit,
1191 2733 1375 2834 frangetur
1391 2745 1460 2838 ejas
1475 2769 1554 2841 reg.

403 2841 504 2906 narn,
528 2831 625 2912 atque
649 2823 684 2892 in
704 2835 841 2914 quatuor
860 2828 928 2897 cali
950 2823 1064 2899 ventos
1087 2831 1271 2922 dividetur,
1304 2861 1400 2934 nepae
1416 2838 1549 2933 posteri·

397 2917 467 2987 tati
491 2919 559 3007 ejus
581 2937 679 3009 neque
693 2929 752 3010 pro
773 2922 903 3012 imperio
926 2923 1014 3016 ejus,
1038 2930 1092 2996 rui
1109 2927 1288 3004 dominatur
1296 2931 1433 3025 fuerat:
1460 2943 1549 3012 evel-

399 3013 489 3086 letur
510 3013 595 3082 enim
616 3035 752 3108 regnam
775 3017 865 3108 ejus,
892 3015 935 3100 &⁹
951 3023 1027 3092 aliis
1040 3036 1156 3116 prater
1170 3025 1262 3122 ipsos.
1313 3031 1474 3202 (guorunr
1488 3037 1550 3111 hic

400 3105 565 3181 statuitur
586 3106 721 3197 sensus,
754 3133 902 3209 regnum
923 3115 1144 3209 Alexandri,
1171 3147 1251 3212 cum
1273 3126 1310 3201 in
1350 3153 1469 3206 ummo
1485 3131 1551 3208 sta·

403 3222 461 3279 ret
485 3205 659 3295 culmine,
694 3205 762 3280 esse
793 3209 1109 3310 confringendum,
1142 3219 1231 3296 &in
1256 3241 1408 3317 quatuor
1433 3247 1552 3325 partes

403 3301 664 3393 dividendum,
705 3327 772 3379 nec
801 3321 919 3384 tamen
949 3309 1043 3386 inter
1070 3315 1227 3408 posteros
1249 3324 1350 3413 ejus,
1389 3349 1459 3399 nec
1482 3353 1550 3422 pro

401 3400 592 3496 dignitate,
618 3403 846 3497 amplitudine
869 3429 908 3480 ac
928 3413 1087 3502 potentia
1108 3415 1244 3509 imperii
1259 3421 1354 3511 ejns3
1381 3445 1463 3499 cum
1479 3427 1550 3502 hoc

399 3497 682 3590 exstirpandum,
708 3501 826 3577 &aliis
843 3526 946 3595 quam
960 3508 1129 3600 posteris,
1155 3515 1363 3595 tradendum
1379 3519 1436 3611 sit,
1461 3523 1549 3602 nim.

360 3601 363 3608 '
398 3595 603 3669 ducibus&
627 3595 799 3690 praefertis
823 3601 908 3692 ejus.
959 3601 1050 3702 Qua.
1070 3606 1322 3701 interpretatio
1345 3619 1476 3711 duplici
1501 3623 1549 3694 la·
1580 3699 1584 3706 .

395 3691 499 3764 borat
527 3691 757 3784 incommodo
801 3719 828 3770 r.
852 3699 949 3790 quod
970 3723 1096 3792 voces,
1129 3711 1206 3798 quia
1235 3714 1454 3788 eradicabitur
1474 3743 1549 3814 reg.

395 3808 474 3858 num
494 3789 582 3880 ejas,
608 3787 791 3883 superflua
812 3792 899 3882 stnt3
926 3797 1013 3871 nihil
1033 3799 1124 3872 aliud
1138 3824 1178 3876 ac
1193 3807 1286 3897 quod
1305 3810 1409 3886 initio
1425 3815 1546 3890 versus

176 3981 180 3990 Ι
276 3957 277 3960 g
369 3881 521 3958 ditium
550 3899 655 3976 erat,
694 3885 942 4003 significantes.
990 3917 1023 3969 a.
1047 3897 1149 3990 .qu0d
1176 3904 1325 3982 verbum
1354 3912 1546 4004 eradicari,

1419 4013 1518 4086 euelli
1533 4061 1548 4107 ,
