3518 4748
405 372 427 438 4
533 316 1362 414 DlSSERTATIONES

407 539 453 616 ad
474 557 558 632 quas
579 527 723 609 obhaesrt
745 526 799 603 Cl.
820 524 1011 619 Coccejus‚
1035 525 1222 620 expediet,
1247 525 1281 602 dc
1297 523 1457 624 posterae
1476 511 1587 606 cons

409 633 626 714 venientium
647 631 740 703 inter
762 627 835 700 duo
848 623 922 697 visa
939 625 1119 722 generalia·
1134 625 1324 701 exhibebit.
1375 625 1460 700 Duo
1475 629 1566 702 mihi

407 735 472 814 sub
497 753 618 808 manus
646 737 851 812 venerunt,
884 744 961 815 qnae
988 719 1229 798 Douilnmum
1264 722 1500 818 interpretem
1525 726 1570 801 in

407 827 645 910 transversum
664 836 825 921 egerunt.
875 818 1039 918 Quorum
1054 817 1138 890 illud
1154 817 1224 908 cst,
1251 817 1351 912 qu'od'
1364 843 1472 919 regna
1487 843 1570 916 cap.

409 952 475 1004 vu.
499 949 581 1000 cum
603 921 756 1022 glorioso
778 915 903 992 Christi
920 939 1053 1014 regno,
1079 917 1206 992 ultimo
1227 931 1411 1012 tempore,
1435 941 1573 994 conne-

408 1027 573 1112 dantum·
599 1025 669 1097 hoc
696 1019 822 1106 habet,
854 1013 977 1089 bestias
998 1037 1041 1088 ex
1068 1019 1155 1086 mari
1178 1013 1396 1108 prodeuntes
1416 1015 1454 1088 in
1477 1031 1572 1089 terra

408 1119 612 1209 substitilie,
637 1115 764 1205 idest,
790 1127 831 1188 ut
845 1111 917 1206 ipse
938 1109 1144 1200 contendit,
1170 1131 1214 1184 ex
1228 1110 1317 1205 stylo
1333 1111 1574 1206 Prophetic0,

405 1225 445 1296 in
466 1215 624 1310 Ecclefia.
674 1214 821 1289 Nollem
841 1209 1023 1304 profecto,
1052 1209 1143 1284 adeo
1165 1209 1375 1302 paradoxam
1395 1210 1574 1303 hypothe-

404 1315 477 1405 lin,
501 1335 599 1408 quae,
624 1308 866 1404 &apersona
885 1307 1063 1394 Danielis,
1088 1306 1126 1378 in
1149 1307 1248 1381 usum
1267 1306 1390 1400 populi
1412 1303 1465 1379 sui
1484 1307 1576 1380 vati·

408 1413 578 1496 curantis,
594 1407 690 1500 scopo
710 1407 745 1472 &
767 1415 956 1492 argumento
979 1405 1090 1472 totius
1113 1401 1213 1486 libri,
1239 1420 1311 1475 tam
1332 1405 1440 1498 longe
1464 1401 1578 1476 disce·
1704 1455 1708 1464 .

410 1509 486 1592 dit,
513 1506 546 1574 δι
567 1497 783 1572 intermediis
799 1493 1018 1586 temporibus
1035 1513 1076 1566 ac
1095 1491 1246 1585 casibus,
1271 1497 1314 1570 ad
1327 1498 1499 1594 populum
1514 1497 1580 1590 Ju.

411 1602 526 1676 daeum
547 1595 581 1668 δι
604 1590 795 1666 Ecclesiam
817 1587 944 1660 Christi
964 1588 1219 1682 speuantibus,
1244 1590 1494 1684 susquedeque
1513 1595 1577 1668 ha-

410 1697 514 1784 bitis,
540 1692 636 1767 adeo
650 1705 790 1766 remota
807 1684 976 1775 leuatur,
1003 1699 1074 1760 tarn
1097 1687 1261 1760 tenuibus
1284 1689 1485 1764 tibicinihus
1506 1690 1579 1763 ful·

411 1807 494 1870 tam.
545 1789 603 1864 Ad
622 1795 717 1884 prius
739 1785 834 1860 enirn
856 1781 952 1876 quod
978 1782 1136 1870 adtinet,
1165 1804 1196 1857 1.
1216 1783 1312 1861 idem
1333 1785 1418 1860 illud
1439 1787 1476 1860 in
1498 1787 1579 1862 viso

410 1885 721 1966 Nebucadnezaris
741 1883 861 1957 locum
883 1894 996 1954 tenet.
1055 1903 1088 1954 2.
1112 1877 1277 1980 Regnum
1298 1881 1451 1975 Messrae,
1478 1884 1579 1978 quod

410 1987 470 2061 hic
490 1987 528 2059 in
550 1983 652 2060 omni
668 1981 727 2056 sua
741 1977 972 2075 amplitudine
994 1976 1154 2075 &gloria
1175 1979 1402 2070 describitur,
1429 2003 1511 2056 cum
1525 1981 1580 2054 ul*-

412 2083 511 2158 rimo-
522 2101 654 2177 regno,
682 2101 755 2153 uno
777 2100 819 2152 ex
843 2089 1002 2170 quatuor·
1017 2091 1100 2150 ante
1124 2073 1254 2150 Meffiae
1276 2079 1427 2172 primum
1447 2079 1581 2170 adven·

413 2195 513 2267 turn,
538 2177 743 2271 copulatum
763 2175 835 2248 five
850 2173 1124 2268 quodultimunr
1139 2195 1307 2272 regnum,
1332 2176 1370 2249 in
1384 2178 1485 2248 decem
1502 2197 1582 2271 reg-

412 2299 459 2354 na
480 2274 731 2364 dividendum,
757 2295 802 2347 eo
819 2294 930 2366 usque
945 2271 985 2346 stt
1001 2272 1230 2362 duraturum,
1256 2287 1296 2348 ut
1312 2271 1507 2347 multorum
1521 2273 1582 2344 ha-

411 2377 475 2450 bet
495 2372 641 2468 opinio,
666 2371 756 2461 srve,
782 2393 859 2466 quae
879 2367 1001 2445 nostra
1021 2368 1094 2459 est,
1119 2390 1268 2532 regnum
1290 2367 1419 2442 Melina
1442 2369 1500 2440 hic
1521 2369 1581 2474 de
1634 2347 1643 2390 ‘

1163 2468 1208 2532 ed
1222 2463 1299 2552 post
1315 2467 1425 2532 multa
1439 2463 1514 2527 fata
1530 2480 1584 2524 rn-

410 2567 603 2644 termedia,
642 2579 690 2628 uo
705 2562 849 2628 demum
870 2573 1033 2640 tempore
1055 2555 1181 2621 clarius
1196 2553 1414 2636 revelando,
1441 2545 1511 2619 sese
1525 2547 1587 2618 ha·

410 2661 526 2738 beret.
576 2652 634 2724 De
656 2670 727 2742 quo
750 2647 909 2740 pluribus
931 2643 995 2717 suo
1014 2644 1099 2716 loco
1122 2641 1293 2716 differam.

459 2759 492 2844 ς.
509 2748 557 2823 V.
584 2743 747 2836 Posterior
760 2739 967 2828 difficultas,
993 2761 1059 2833 per
1072 2761 1160 2812 marr
1175 2739 1325 2836 intelligi
1339 2742 1493 2814 mundum
1507 2764 1589 2838 gen·

414 2855 525 2935 rilem,
550 2845 670 2936 &per
691 2856 831 2926 terram,
857 2837 894 2912 in
908 2857 976 2929 qua
989 2833 1097 2930 bestia
1108 2834 1355 2926 substiterunt,
1382 2837 1585 2932 Ecclefinm,

415 2962 455 3023 ut
477 2964 543 3020 nos
562 2962 637 3015 non
659 2937 763 3025 ferit,
789 2956 877 3009 cum·
894 2955 1001 3029 regna
1028 2933 1172 3030 gentilia
1192 2931 1382 3008 Ecclesiam
1404 2935 1495 3026 Dei,
1522 2937 1583 3010 vel

418 3041 594 3137 populum
622 3033 783 3129 Judaeum
808 3029 869 3106 srbi
898 3031 1086 3105 habuerint
1116 3026 1334 3121 subjeetum,
1368 3029 1412 3103 fic
1440 3055 1485 3108 ex
1505 3033 1582 3128 ipso

413 3137 656 3221 emblemate,
687 3130 750 3204 vel
776 3129 906 3203 leviter
932 3123 1116 3221 inspecto,
1149 3126 1276 3220 sponte
1301 3129 1359 3201 sua
1388 3131 1581 3204 evanescit.

417 3233 517 3308 Mare
538 3229 572 3304 δι
595 3243 702 3318 terra,
729 3228 813 3302 licet
832 3225 869 3299 in
893 3223 984 3317 stylo
1010 3224 1255 3301 emblematico
1279 3225 1317 3297 &¹
1338 3227 1582 3316 Prophetic0,

414 3329 538 3499 munsdi
548 3326 697 3499 gentilis
710 3324 745 3398 da
759 3322 923 3398 Ecclesrae
936 3322 1100 3418 imagines
1114 3341 1261 3420 gerant3
1288 3321 1346 3391 hic
1362 3334 1482 3394 tamen
1498 3344 1582 3397 cunr
1725 3321 1727 3364 ⁴

415 3449 485 3504 con
527 3449 547 3499 e

418 3451 524 3615 quod³
535 3543 579 3594 ex
601 3519 691 3594 vers.
714 3543 748 3612 g.
775 3521 809 3593 dr
834 3540 887 3611 17.
915 3515 1052 3588 collatis
1075 3512 1315 3590 manifestum.
1375 3513 1582 3590 Animantia

418 3617 535 3703 enim,
549 3637 625 3708 quae
638 3639 676 3686 ex
690 3623 773 3687 marr·
788 3615 992 3710 ascenderant
1007 3609 1097 3681 vers.
1108 3634 1140 3703 3.
1155 3605 1427 3706 praefigurarunt
1442 3613 1582 3709 Reges,

418 3719 475 3813 qui
498 3737 537 3785 err
558 3727 646 3784 terra
661 3707 834 3806 surgerent
855 3704 945 3782 vers.
972 3726 1026 3797 ιγ.
1073 3705 1254 3792 Accedit,
1288 3723 1410 3781 rar-rant
1432 3708 1488 3781 hic
1512 3716 1585 3783 calo

419 3810 576 3906 obponi,
608 3806 838 3884 &terrestria
855 3824 990 3900 regna,
1022 3800 1138 3878 relate
1154 3803 1197 3876 ad
1222 3803 1365 3878 coeleste
1389 3803 1586 3882 sanctorum

1414 3925 1588 4002 regnum,

411 2475 594 2569 pingatur,
620 2471 721 2627 guale
743 2491 819 2543 non
840 2489 926 2542 mox
940 2470 979 2538 in
998 2468 1122 2548 initio,

582 3447 642 3500 um
673 3445 748 3498 non
777 3422 922 3510 ferunt,
955 3441 1038 3493 cum
1066 3417 1184 3494 secum
1211 3413 1513 3509 permisceantur:
1546 3420 1584 3492 id
1725 3445 1727 3490 r
