3428 4742
425 407 497 492 ue
599 351 865 487 comm
902 405 932 480 o:
971 383 1082 480 ur
1119 379 1152 476 Α·
1191 395 1408 476 Μυε-

428 605 578 678 uerbum
593 627 658 702 pne,
685 599 783 690 cujus
807 597 985 692 primitiva
998 597 1102 671 notio
1118 596 1155 670 in
1174 595 1328 669 tendendo
1346 591 1487 686 sotaelt,
1514 565 1587 672 ob)

428 701 591 774 servante
612 697 663 772 Cl.
684 697 871 774 Schultens
893 719 935 783 a,
970 698 1121 769 omnino
1142 693 1309 768 involvit.
1361 689 1474 780 Erat,
1500 696 1584 769 dici·

430 814 488 871 tur
513 817 531 869 2
550 799 665 919 illaec.
688 817 736 871 vr
754 817 787 888 3.
816 799 934 892 grauis
949 791 982 864 δι
997 791 1104 887 tristis
1118 795 1198 880 mali
1213 789 1410 887 incursatio,
1440 785 1596 876 im'eaon'·

423 896 670 1082 liegafflll·
696 987 786 1089 Quae
808 1011 889 1065 com
910 989 1108 1085 phrasibus,
1137 991 1266 1078 nexui,
1293 985 1492 1061 &historie
1509 1005 1588 1066 tem

430 1106 595 1164 accurate
619 1086 873 1182 respondeant,
904 1087 1025 1166 nescio
1049 1103 1134 1164 num
1157 1090 1269 1182 aliqua
1286 1107 1411 1160 eorum
1432 1087 1448 1142 l
1466 1085 1504 1158 llo
1526 1087 1582 1158 ba·
1698 1143 1699 1152 i

431 1189 550 1260 benda
573 1189 684 1275 ratio,
710 1189 769 1280 qui
792 1183 933 1260 versum
959 1184 1053 1261 hunc
1071 1187 1247 1280 praecipue
1273 1185 1419 1258 censent
1436 1184 1591 1277 adipson

434 1283 639 1378 Judaeorum
661 1287 858 1378 primores,
891 1281 1053 1374 Jasonem
1077 1283 1110 1358 &
1133 1285 1362 1370 Menelaum,
1396 1281 1512 1353 secum
1538 1282 1582 1352 de

434 1379 648 1456 Pontificem
663 1383 940 1468 contendentes,
973 1380 1211 1479 brachiastrptr
1226 1383 1396 1474 desortorrs
1408 1375 1586 1474 legirfloti·

437 1483 487 1550 tia
509 1501 552 1552 ex
577 1479 747 1568 adverse,
780 1497 820 1553 ut
843 1484 994 1572 primum
1015 1479 1135 1552 versus
1163 1480 1361 1552 membrum
1385 1491 1533 1550 vertunt
1548 1475 1590 1563 ,bc

437 1577 741 1670 interpretantur,
765 1576 895 1666 diiloe,
922 1579 979 1671 qul
1002 1574 1194 1670 Templum
1212 1575 1425 1670 spoliarunt,
1451 1571 1589 1646 institu.

436 1689 473 1748 ta
496 1671 704 1750 Graecorum
722 1671 837 1748 seilotl
853 1673 955 1764 sunt,
980 1677 1373 1760 omniotuo·bo1·unt‚ut
1389 1673 1497 1744 cooltnr
1515 1691 1587 1766 pno-

438 1773 586 1844 tidianus
602 1771 712 1846 fuerit
726 1769 957 1858 intermissus,
982 1771 1015 1844 ἁ
1032 1772 1251 1857 occasionem
1266 1769 1441 1844 dederunt
1456 1789 1496 1840 ac
1507 1784 1595 1842 cau·-

436 1864 506 1940 sam
530 1864 756 1960 destitutionis,
789 1867 832 1940 ab
850 1867 1035 1943 Antiocho
1057 1867 1245 1956 institutae3
1277 1867 1373 1962 quod
1395 1865 1482 1938 eilet
1505 1867 1587 1938 dare
1623 1941 1627 1948 ,

437 1967 648 2037 abominabile
670 1958 888 2056 vastationis,
920 1965 978 2042 seu
996 1967 1070 2058 ejus
1087 1965 1245 2040 causam..
1286 1961 1393 2058 Cujus
1412 1962 1596 2058 opinionis

437 2060 575 2136 nullum
597 2057 650 2133 est
664 2059 953 2152 fundamentum,
981 2063 1039 2136 cui
1057 2063 1161 2140 inniti
1175 2059 1287 2158 poffit.
1328 2059 1588 2148 erraneum,

439 2160 650 2231 abominabile
670 2151 831 2253 vallans,
863 2158 957 2234 aliud
983 2159 1089 2248 dicit,
1124 2178 1166 2235 ut
1192 2158 1301 2234 modo
1324 2159 1489 2253 exposui3
1523 2173 1599 2232 nec·

440 2271 607 2350 tempus,
634 2256 729 2352 quod
743 2253 887 2351 Templi
903 2257 936 2331 &
951 2258 1132 2355 religionis
1146 2257 1335 2354 pollutioni
1351 2257 1452 2331 datur
1469 2273 1595 2333 evum

441 2372 501 2448 13,
522 2373 576 2446 1-4.
602 2355 676 2430 ullo
693 2355 803 2430 modo
818 2353 938 2444 favet,
964 2371 1005 2432 ut
1019 2375 1061 2428 ex
1080 2353 1167 2432 Diis.
1185 2353 1310 2429 nostris
1324 2355 1367 2428 ad
1384 2353 1477 2428 Dan.
1492 2375 1507 2414 c
1523 2355 1590 2427 cla·

383 2477 389 2486 ¹
441 2450 581 2526 reicere
596 2467 732 2546 putem.
772 2451 907 2528 Pellem
922 2468 1093 2548 preterea
1106 2453 1198 2527 haud
1214 2471 1323 2546 pauca
1338 2449 1499 2540 adferre,
1515 2467 1600 2545 que

442 2548 653 2645 hypothefin
676 2549 770 2624 illam
796 2549 976 2642 refutant,
1008 2549 1276 2644 fiopusforet,
1295 2571 1350 2624 ex.
1367 2573 1418 2647 gr.
1448 2573 1478 2626 1.
1498 2547 1594 2646 quod·

442 2650 574 2720 brachia
595 2669 670 2722 non
693 2648 884 2741 primores,
919 2647 979 2722 sed
1002 2654 1108 2744 copias
1129 2645 1306 2734 robustas,
1338 2649 1533 2737 denotent,
1565 2636 1593 2716 li
1699 2649 1700 2654 ’

442 2742 601 2819 absolute
617 2761 813 2840 ponantur:
841 2763 882 2820 ut
895 2745 987 2821 vers.
1005 2769 1062 2820 22.
1101 2769 1135 2820 2.
1151 2745 1246 2840 quod
1261 2772 1328 2822 rnen
1347 2767 1421 2821 non
1439 2745 1595 2841 iltsnpra

399 2876 406 2882 ·
443 2861 514 2930 eor,
541 2839 599 2912 sed
621 2863 659 2912 ax
683 2839 764 2934 ipso:
810 2841 871 2916 usu
895 2842 972 2916 satis
993 2843 1150 2940 vulgate.
1210 2867 1230 2938 3
1271 2844 1365 2915 Stare
1387 2863 1459 2916 non
1484 2835 1601 2934 pollis.

417 3023 421 3028 ¹
443 2936 531 3010 sumi
547 2957 613 3030 pro
629 2949 740 3010 eontra
756 2934 790 3008 se
805 2939 962 3014 invicem
978 2963 1022 3014 ex
1037 2941 1186 3015 adverso
1201 2939 1404 3018 confitere*
1437 2961 1471 3030 4.
1487 2937 1593 3012 Plora·

442 3033 515 3116 ses,
538 3029 717 3128 profanare
731 3033 979 3128 sanciantem,
1012 3063 1176 3114 removero
1191 3041 1293 3138 juge,
1327 3040 1359 3115 bc
1383 3041 1458 3112 iare
1479 3039 1595 3109 abomi-

444 3133 575 3220 nabile,
601 3133 734 3224 maiore
749 3134 905 3227 polleant
923 3134 1095 3230 emphab,
1115 3161 1217 3232 quam
1236 3156 1277 3212 ut
1292 3137 1334 3210 ad
1352 3135 1594 3214 institutorum

446 3227 644 3306 Gentillum
671 3231 709 3304 in
731 3225 988 3326 (2228222212κᾶ
1013 3235 1155 3311 ludis&
1179 3235 1343 3310 bmilibus
1365 3231 1592 3309 introduilio·

446 3349 551 3418 nem‚
567 3352 586 3404 a
603 3331 781 3405 nonnullis
799 3347 936 3408 tantum
953 3333 1101 3423 iniiam,
1120 3336 1380 3408 tumultuariam
1398 3333 1432 3407 bt
1451 3334 1492 3406 ad
1508 3347 1594 3403 tem·

446 3447 511 3522 pus
531 3423 775 3502 l'acrificiorum
792 3429 1101 3520 intermiffionem,
1127 3429 1284 3528 restringi
1304 3429 1440 3527 poibnt.
1490 3423 1603 3600 (iffi

430 3523 509 3622 'ipsr
526 3525 777 3622 perspicientes
791 3529 960 3604 Antiochi
978 3527 1133 3604 facinora
1148 3531 1237 3604 male
1253 3527 1442 3618 contumila
1457 3549 1505 3600 vo
1522 3537 1594 3599 unt.

451 3643 486 3714 5.
510 3619 633 3702 Nexus
649 3645 729 3702 cum
748 3627 1026 3719 precedentibus
1043 3627 1076 3701 u
1093 3629 1316 3721 sequentibus
1331 3645 1407 3700 eam
1425 3623 1595 3720 hypothe-

418 3719 500 3798 'fin
525 3743 598 3800 non
621 3723 717 3828 feru
756 3723 886 3822 Agitur
910 3726 1004 3801 enim
1026 3747 1097 3802 uno
1115 3745 1239 3802 tenore
1260 3727 1303 3800 de
1318 3725 1506 3893 Antioebg1
1510 3720 1600 3834 infe·

522 3861 523 3864 ¹
1509 3835 1594 3894 stilo·

490 3965 562 4022 aad
583 3967 668 4023 Pror.
690 3977 759 4042 xxr:
783 3983 830 4039 29.
928 3973 944 4032 lo
966 3973 1033 4033 Viri.
1058 3969 1103 4034 cl.
1125 3971 1234 4052 Lampe
1255 3973 1283 4036 in
1304 3971 1379 4036 Bibl.
1401 3972 1496 4033 Brem.
1514 3942 1603 4044 elesii

452 4039 655 4104 censesne.
759 4044 1039 4126 rDiss.ur.[oy.
1524 4049 1571 4063 ''
