3462 4792
383 321 511 487 ¹3⁶⁶
601 355 1427 453 ursontnlutonns

441 564 598 641 Danielis
633 571 708 655 cap.
738 583 808 635 vn:
847 579 883 652 9.
909 559 981 634 &m
1041 557 1320 637 Nebucadnezar
1350 558 1507 646 Stetuae,
1536 574 1581 632 ex

441 679 592 757 quatuor
616 658 743 733 diverfi
763 657 894 752 mctalli
914 657 1073 748 partibus
1089 656 1270 745 confletae,
1297 653 1582 756 contemplando

436 761 614 846 intentus,
640 753 776 850 lapidem
797 754 887 826 vidit
908 752 951 824 de
969 776 1082 846 rupe,
1109 754 1179 827 srne
1201 774 1272 847 ope
1294 753 1473 841 humana,
1496 755 1584 824 exct-

429 855 529 952 fum,
555 856 636 950 qui,
661 853 698 926 in
723 849 924 936 Colossum,
950 849 985 922 in
1003 851 1094 923 ualle
1109 852 1209 944 juxta
1223 866 1370 944 rupem,
1396 865 1437 923 ut
1449 848 1583 922 emble·

439 953 541 1028 matis
571 948 752 1024 harmonia
772 946 941 1039 postolat,
980 947 1150 1038 pontum,
1190 949 1334 1044 ingente
1358 945 1495 1039 impetu
1518 945 1583 1023 ime
1668 985 1672 992 Δ

442 1049 578 1144 pulsus,
601 1049 693 1140 pedes
714 1045 840 1138 partim
855 1041 1006 1132 ferreos,
1036 1045 1172 1137 partim
1195 1047 1407 1138 argilloceos,
1440 1039 1584 1114 confre-

443 1149 516 1256 git,
550 1145 729 1235 totiusque
752 1139 871 1214 statuae
899 1138 1179 1214 comminuendae
1200 1140 1421 1212 occasionem
1445 1137 1476 1209 δι
1502 1157 1583 1210 cau.

443 1247 511 1316 lam
536 1239 696 1334 praebuit.
746 1235 831 1332 Quo
849 1233 977 1324 satin,
1006 1236 1269 1330 lapis-maguum
1291 1237 1327 1310 in
1356 1247 1494 1308 montem
1522 1253 1583 1306 ex·

443 1338 578 1422 crevit,
620 1336 679 1427 qui
701 1349 813 1406 totam
832 1333 1020 1426 occupavit
1044 1347 1193 1426 terram..
1242 1331 1371 1405 Daniel
1385 1346 1484 1412 ¹vero
1505 1327 1583 1421 post

444 1451 596 1528 quatuor
623 1429 736 1520 lefsius
761 1427 877 1516 visas,
917 1427 1004 1520 conse
1032 1453 1085 1500 um
1110 1431 1297 1523 judicialem
1326 1427 1584 1518 contemplatus
1698 1470 1701 1474 -

443 1529 522 1619 est,
549 1549 594 1598 ex
615 1525 778 1620 supremo
799 1520 943 1615 Judice,
975 1524 1088 1597 nveis
1110 1523 1260 1597 uestibus
1283 1523 1440 1598 &laneo
1454 1523 1584 1614 capilli·

444 1627 497 1699 tio
513 1637 660 1712 ornato,
692 1621 822 1693 throno
844 1622 949 1721 igneo
963 1618 1134 1695 insidente
1151 1671 1163 1708 ,
1189 1619 1439 1694 &satellitibus
1453 1615 1586 1694 adstan-

445 1723 560 1807 tibus,
594 1704 847 1810 composrtum:
876 1710 1052 1812 processum
1076 1735 1245 1810 preterea
1263 1716 1464 1808 jndcialem
1485 1712 1584 1804 fieri,

443 1818 477 1888 δι
503 1817 653 1908 primum
671 1826 823 1907 ¹qurotom
843 1811 987 1911 bestiam
1011 1813 1125 1887 occidi
1147 1813 1181 1886 &¹
1202 1814 1382 1899 comburi,
1403 1803 1490 1886 dein
1505 1813 1586 1883 reli·

381 1933 384 1944 ·
441 1933 524 2004 quas
550 1911 621 1982 vita
650 1907 779 2001 privari
805 1907 903 1982 vidit.
968 1907 1121 2006 Quando
1151 1908 1260 1983 Ritus
1280 1910 1406 2004 aliquis
1425 1907 1584 1982 Hominis

442 2009 478 2080 in
503 2007 639 2079 scenam
657 2005 809 2098 prodiit,
836 2006 916 2097 qui,
941 2005 983 2078 ad
998 2003 1156 2097 Judicem
1172 2008 1373 2098 supremum
1390 2004 1584 2100 accedens,

442 2105 486 2176 ab
502 2103 556 2175 Eo
573 2102 759 2194 imperium
781 2103 816 2174 in
832 2122 957 2176 omnes
971 2118 1094 2196 gentes
1111 2105 1144 2176 &
1160 2104 1292 2198 linguas
1306 2103 1454 2196 accepit.

489 2205 521 2290 §.
539 2199 582 2273 ll.
607 2199 842 2292 Interpretem
869 2197 928 2290 qui
950 2199 987 2271 in
1009 2216 1125 2294 quarta
1140 2197 1238 2284 bellio
1252 2199 1440 2291 Imperium
1455 2197 1583 2274 Roma·

440 2317 528 2370 num
551 2293 698 2369 censent
720 2295 918 2388 depictum,
950 2300 1107 2388 quintum·
1121 2297 1283 2391 Regnum
1299 2293 1487 2368 deMelliae
1505 2317 1581 2392 reg·

439 2415 490 2466 no
509 2393 788 2486 interpretantur
809 2412 951 2465 omnes:
978 2390 1036 2464 sed
1058 2395 1113 2465 alii
1135 2393 1178 2464 de
1201 2413 1311 2559 regno
1327 2392 1480 2485 primum
1493 2388 1581 2482 fun·

439 2491 513 2561 doto
529 2487 715 2576 &eretlm
739 2486 1055 2580 tempore‘lleffiae
1071 2490 1166 2581 nati,
1192 2509 1233 2579 pa
1259 2512 1269 2560 r
1292 2487 1498 2576 &exaltati3
1522 2488 1581 2562 alii

439 2583 484 2656 de
506 2585 630 2657 eodem
654 2585 782 2689 Regno
801 2584 1043 2657 consummato
1063 2587 1099 2658 in
1122 2601 1216 2656 terra
1237 2583 1298 2657 sub
1325 2581 1430 2658 linem
1446 2582 1584 2658 seculo=
1663 2648 1672 2668 .

438 2701 537 2766 rum3
560 2681 617 2751 alii
642 2679 793 2770 demque
817 2679 861 2749 de
889 2703 1000 2773 regno
1025 2679 1180 2768 coelesti,
1213 2681 1289 2774 post
1309 2677 1484 2774 Judicium
1499 2681 1579 2753 ulti·

438 2795 556 2860 mum,
580 2773 748 2869 cogitant.
799 2771 872 2940 (ἦυί
894 2796 981 2847 vero
1004 2777 1048 2848 de
1069 2793 1182 2872 quarto
1203 2800 1298 2872 regno
1316 2779 1478 2850 fecerunt
1492 2778 1582 2848 Ale·

439 2867 674 2956 arretinum,
698 2870 758 2942 vel
780 2869 823 2942 Se
839 2872 1038 2946 eucidarum
1059 2897 1100 2946 ac
1120 2873 1346 2969 Lagidarum3
1371 2873 1576 2964 circaquin·

437 2980 513 3040 tum
536 2985 682 3062 regnum
708 2967 883 3058 in'partes
904 2990 1046 3060 quoque
1064 2969 1275 3044 scinduntur.
1327 2969 1591 3045 Commonitor-

436 3060 578 3152 quidem
608 3063 769 3157 Regnum
789 3061 920 3136 Meffiae
941 3066 1165 3164 intelligunt,
1190 3065 1281 3159 'post
1303 3067 1360 3139 illa
1379 3066 1577 3142 Seleucida·

437 3179 515 3232 rum
541 3159 573 3232 δι
595 3157 801 3255 Lagidarum
824 3157 1005 3234 destructa.
1057 3165 1126 3250 Sed
1150 3163 1201 3237 lll.
1223 3163 1269 3237 H.
1292 3164 1435 3238 Grotius
1452 3165 1577 3238 oculos

437 3253 473 3328 in
495 3253 692 3330 Romanum
707 3255 897 3350 imperium
914 3255 1010 3330 ausus
1027 3257 1262 3358 est'deligere3
1292 3261 1413 3336 addito
1435 3275 1576 3351 tamem,
1691 3281 1697 3293 ·

437 3351 521 3424 illud
538 3353 660 3443 partim
680 3375 745 3448 pro
758 3353 856 3449 regni
872 3353 999 3426 Christi
1013 3371 1100 3449 typo
1116 3357 1184 3430 esse
1200 3357 1422 3446 habendum,
1447 3356 1578 3452 purtim

437 3445 627 3523 Ecclesiam
649 3449 773 3524 Christi
787 3453 821 3525 in
838 3451 954 3525 medio
971 3449 1020 3524 sui
1035 3455 1317 3548 complexurum.
1339 3451 1429 3528 Rev.
1447 3454 1479 3527 δι
1494 3455 1576 3528 ετυὲ

402 3589 410 3614 r
430 3541 526 3618 ‘ditus
542 3544 628 3634 Vir,
654 3543 846 3634 Rekkerus,
878 3551 977 3640 cujus
994 3548 1162 3636 judicium
1177 3550 1212 3624 in
1228 3554 1341 3624 verbo
1358 3551 1577 3646 Prophetico

435 3655 542 3716 nemo
556 3639 746 3735 spreverit,
765 3646 911 3738 primam
929 3643 971 3717 ad
985 3643 1174 3731 Ecclesiam
1190 3647 1469 3736 Maccabaicam;
1486 3649 1573 3727 dein

432 3755 581 3833 regnum
603 3735 754 3827 Mesnae,
786 3763 829 3814 ex
850 3763 891 3814 ea
915 3741 1108 3832 oriturum,
1135 3765 1281 3836 eamque
1304 3743 1576 3840 perfetlnrum,

428 3829 607 3910 transfert.
656 3833 744 3932 Quae
767 3835 940 3932 postrema
956 3835 1165 3915 sententiali
1182 3839 1322 3939 paulum
1335 3843 1572 3935 immutetur,

430 3961 432 3966 ·
945 3969 948 3976 ·
1445 3959 1572 4018 emen·
