3462 4770
329 393 803 516 1111111111111
861 393 1199 479 ornantis.
1262 423 1336 504 253

179 629 250 706 pra
278 607 419 708 reliquis
440 609 566 704 partim
590 608 627 684 in
648 631 722 701 eo,
754 609 850 708 quod
882 605 1123 706 amplillimum
1144 609 1180 684 dr
1199 621 1338 703 poten·
1390 574 1394 582 ¹

178 705 368 798 tiliimum,
393 732 413 782 a
433 702 672 806 gloriosissimo
692 731 776 808 rege
795 709 1000 800 conditum,
1025 729 1097 803 prae
1117 707 1259 800 reliquis
1273 705 1329 782 fu·
1386 763 1388 770 .
1505 741 1510 752 ·

172 802 222 878 rit
248 827 424 902 regnum,
458 806 643 902 partimin
668 827 714 881 eo
735 807 873 900 eluxit,
915 804 1012 901 quod
1033 804 1226 880 Seleucida
1250 803 1322 877 sese

171 924 246 998 prae
266 905 408 999 reliquis
431 925 498 998 pro
524 903 688 1002 genuinis
716 904 908 980 Alexandri
937 901 1187 980 successoribus
1215 900 1324 999 geile-

170 1001 268 1090 rint,
292 1002 341 1074 ita
364 1017 405 1074 ut
427 1003 600 1076 excelsum
626 1001 723 1074 Hirci
750 1024 863 1078 cornu
884 1003 922 1077 in
937 1023 983 1076 eo
1004 997 1138 1075 censeri
1162 1001 1323 1094 potuerit

169 1097 288 1189 aliqua
315 1101 454 1172 ratione
483 1096 755 1186 resuscitatum3
791 1099 899 1172 bestia
931 1118 1072 1192 quoque
1099 1112 1220 1190 quarta
1246 1097 1321 1170 vim

167 1196 439 1287 potentiamque
457 1191 551 1268 suam
567 1195 600 1266 in
617 1215 662 1268 eo
678 1195 855 1287 precipue
871 1193 1178 1266 demonstraverit.
1211 1191 1322 1290 Quod

168 1310 203 1362 c.
222 1311 291 1364 vn:
314 1310 368 1362 11.
395 1291 487 1362 clare
509 1290 695 1364 indicatur.
746 1291 859 1383 Hujras
879 1293 976 1364 enim
995 1311 1108 1362 cornu
1121 1289 1321 1384 arrogantia

168 1383 448 1459 &intoleranda
472 1389 632 1481 superbia
647 1409 688 1460 ac
711 1390 889 1479 tyrannis,
915 1404 1080 1478 tanquam
1103 1382 1202 1459 causa
1226 1386 1342 1458 occi·'

166 1479 377 1576 sicorporis
398 1481 534 1571 bestia,
560 1483 609 1559 ibi
633 1483 831 1577 profertur:
858 1483 904 1557 de
928 1505 1001 1578 quo
1025 1481 1087 1558 suo
1112 1484 1206 1556 locu.

213 1583 246 1670 i.
272 1579 403 1656 XXIV.
455 1580 615 1656 Praestitit
652 1581 721 1655 sese
748 1581 916 1658 Seleucus
944 1579 1044 1654 c'ornn
1070 1602 1142 1674 prae
1172 1579 1316 1672 reliquis

159 1675 340 1772 excelsum,
380 1678 472 1753 &in
496 1680 642 1752 sublime
673 1679 835 1754 evetium
866 1701 897 1754 r.
922 1700 987 1772 per
1009 1674 1193 1771 efficaciam
1220 1677 1317 1754 suam

170 1777 454 1868 inpenetrabilem,
481 1775 745 1851 &vinariarum
758 1780 1002 1865 celebritatem,
1029 1777 1122 1850 unde
1144 1772 1313 1848 Nicatoris

159 1891 363 1968 cognomen
385 1871 446 1966 ipsr
468 1873 627 1962 adhesit,
654 1891 693 1949 ut
710 1875 828 1950 Amm.
844 1874 957 1946 Marc.
974 1873 997 1947 l.
1013 1893 1087 1948 x1v:
1108 1871 1311 1948 8.&xx111:

157 1969 196 2042 6.
221 1969 393 2058 adnotat,
419 1969 454 2044 &
475 1973 570 2066 App.
597 1971 699 2046 Alex.
728 1974 807 2065 Syr.
830 1995 864 2066 p.
889 1993 972 2046 200.
998 1968 1196 2046 confirmat.
1222 1972 1312 2062 qui,

155 2063 220 2158 ipsi
241 2067 284 2139 ab
305 2067 467 2143 exercitu
492 2067 595 2142 fuisse
618 2069 878 2162 adclamatum,
902 2073 975 2164 regi
988 2065 1055 2162 posi
1078 2069 1310 2140 Alexandrum

152 2169 326 2252 nnximo,
352 2165 400 2239 ib.
415 2185 449 2257 p.
468 2185 548 2259 207.
574 2185 702 2243 narrat.
735 2190 769 2241 2.
795 2187 860 2260 per
881 2161 1124 2259 amplissimum
1147 2164 1310 2239 omnium
1424 2195 1427 2202 ¹

155 2279 312 2355 regnum
335 2262 378 2332 ab
398 2259 477 2352 ‘ipso
491 2259 699 2351 fundatum,
724 2264 759 2334 u
781 2259 1033 2335 successoribus
1055 2260 1234 2334 traditum.
1260 2261 1311 2333 A·

153 2354 330 2430 lexandro
352 2371 536 2448 excepto,
560 2361 720 2431 nominem
740 2381 882 2453 anquam
899 2360 1010 2452 plnres
1039 2367 1143 2427 terras
1165 2360 1201 2427 in
1226 2351 1312 2444 Asta

156 2447 325 2548 tennaffe,
358 2476 433 2526 nam
454 2475 474 2525 a
496 2449 653 2549 Phrygia
675 2459 825 2529 terminis
848 2451 966 2526 Indum
993 2472 1091 2545 nsque
1113 2447 1330 2523 Mediccera·-

158 2573 223 2625 nea
243 2555 355 2623 ornnia
376 2549 505 2624 Seleuco
522 2552 708 2646 parebant,
734 2549 860 2624 adserit
885 2549 981 2643 App.
1004 2549 1106 2622 Alex.
1131 2545 1207 2639 Syr.
1232 2567 1311 2644 pag.
1341 2615 1345 2622 .

12 2653 14 2688 ¹
156 2651 262 2741 198.,
288 2647 348 2740 qui
368 2670 413 2741 pa
438 2669 545 2724 ‚eoo
561 2668 643 2723 eum
658 2649 695 2724 in
716 2653 891 2722 maximam
910 2647 1045 2720 alitionis
1062 2643 1311 2719 Alexandriae

12 2737 13 2794 3
150 2743 384 2844 partamsucae
406 2741 479 2843 fita
505 2746 632 2844 &pap
652 2748 733 2822 206.
753 2739 1308 2843 majasbaboiffeimperiamqoam

12 2825 14 2916 ἷ
152 2846 260 2918 ellum
281 2867 319 2916 en
346 2843 535 2918 Alexandri
544 2840 797 2956 saccefforibas,
822 2839 991 2919 adfirmat.
1042 2837 1158 2939 Quam
1177 2841 1215 2915 in
1229 2861 1308 2917 rem

12 2965 14 2980 ’
151 2939 319 3018 notabilis
341 2962 484 3036 quoque
506 2939 558 3015 est
575 2941 743 3034 Arriani,
769 2940 859 3037 Exp.
884 2941 987 3016 Alex.
1002 2941 1024 3012 l.
1042 2959 1108 3014 vn.
1133 2960 1167 3016 c.
1184 2959 1241 3013 nn.
1270 2959 1307 3032 p.

12 3055 16 3068 ’
153 3059 240 3134 304.
266 3031 531 3124 testimonium,
556 3039 592 3110 in
622 3038 696 3112 haec
717 3041 828 3114 verba
851 3039 1048 3132 prolatum:
1076 3034 1244 3110 Seleucum
1260 3056 1306 3112 ex

153 3131 346 3209 Alexandri
357 3129 586 3227 seccefforiius
605 3140 781 3209 maximam
800 3131 948 3230 accepiffe
969 3137 1161 3228 imperinm,
1176 3129 1220 3215 θ
1230 3135 1307 3227 pla·

153 3228 251 3304 rimis
266 3231 364 3300 terris
378 3223 563 3322 imperaffe,
588 3233 751 3324 animoque
769 3236 904 3304 marim
923 3235 1013 3324 regio
1025 3229 1219 3322 proditum,
1244 3234 1305 3300 rni-

152 3326 387 3404 conedralium
401 3325 483 3396 mibi
497 3323 640 3397 videtur.
692 3344 725 3416 3.
751 3325 925 3411 Accedit,
950 3325 1148 3396 Seleucides
1163 3321 1234 3394 sese
1252 3323 1305 3396 so-

152 3431 208 3504 los
228 3423 306 3497 fere
327 3421 502 3519 genuinos
524 3418 716 3494 Alexandri
739 3419 948 3494 successores
960 3417 1087 3510 jafiiare
1105 3418 1207 3491 soille
1229 3417 1306 3492 soii.

12 3547 15 3566 ⁵
153 3543 235 3612 tos,
261 3523 297 3595 in
313 3519 464 3596 nummis
485 3539 627 3613 qnoque
643 3517 783 3592 Seleuci
804 3515 984 3589 Nicatoris
1010 3515 1138 3587 crebro
1164 3534 1304 3605 compa.

147 3641 232 3697 rere
247 3632 342 3714 capot
356 3621 480 3692 leonino
494 3615 578 3689 rista
593 3630 756 3688 armatnm
767 3664 790 3727 ,ο
805 3614 839 3687 dt
858 3608 962 3709 Javts
977 3606 1121 3726 effigiem
1135 3660 1148 3698 ,
1162 3608 1307 3720 insignia

57 3816 63 3826 Ι
151 3715 400 3794 Alexandri&
423 3713 684 3801 Macedonum
710 3713 861 3805 demque
885 3713 981 3804 regni
1005 3705 1138 3818 Gracia
1158 3707 1302 3785 titulum

150 3811 280 3890 iisesse
298 3813 482 3906 proprium
502 3810 595 3904 apud
618 3809 779 3904 ludre0s3
804 3825 849 3884 ut
873 3805 1079 3881 observavit
1099 3801 1151 3876 Cl.
1174 3803 1301 3879 Relan·

151 3908 303 3989 duadill'.
324 3931 354 3985 r.
370 3908 414 3990 de
425 3903 587 4007 Nummos
602 3907 761 4084 Samolrit.
788 3905 846 3980 Ne
861 3925 958 3981 nunc
976 3902 1112 3994 dicam,
1138 3901 1304 4075 terbriltrkiliaes

568 4038 572 4046 ·
737 4029 749 4079 1
775 4029 796 4101 3
1262 4024 1271 4074 1
1355 4051 1359 4066 .
