3504 4782
405 380 481 478 17⁶,
562 291 1480 476 prestera-monae

409 581 517 662 quet,
547 578 623 640 turn
641 583 684 636 ex
701 561 783 636 loco
801 573 902 634 ortus
920 555 1144 656 animalium,
1165 556 1251 626 marr·
1271 549 1403 626 scilicet
1419 571 1561 649 magur,

411 665 570 739 Orientis
598 661 831 746 emblemate,
857 656 949 730 Dan.
975 675 1042 726 vrr.
1069 667 1144 726 tum
1166 672 1208 722 ex
1231 650 1341 723 tribus
1361 650 1561 744 praeceden·

412 765 506 838 tibus
526 760 642 857 regnis
667 755 845 831 elucescit.
891 757 929 828 b.
954 749 1154 828 Secundum
1177 749 1357 822 criterium
1382 770 1424 821 ex
1442 751 1562 830 termi-

414 881 465 935 no
479 859 589 955 regni
611 856 751 947 quarti,
777 854 815 927 in
838 850 1037 944 primordiis
1058 845 1159 943 regni
1180 842 1338 934 Messiae,
1363 847 1406 920 ab
1428 845 1498 939 ipsa
1522 867 1559 920 e·

326 1021 336 1038 .
411 958 468 1048 jus
492 953 708 1030 exaltatione
733 949 939 1044 repetendi,
965 942 1128 1040 utsupra
1157 943 1271 1029 evici,
1296 941 1400 1016 facile
1414 945 1562 1018 demon·
1605 975 1609 982 ·

402 1053 551 1128 stratur.
609 1073 642 1124 c.
666 1047 832 1123 Tertium
853 1043 1065 1118 caraeerem
1078 1039 1196 1136 scopus
1225 1039 1491 1133 prophetiarum
1517 1042 1563 1116 de

437 1151 577 1224 entibus
597 1147 753 1234 exteris,
786 1165 869 1218 cum
891 1141 969 1235 iplls
990 1140 1165 1214 vaticiniis
1187 1139 1357 1236 collatus,
1391 1137 1562 1218 adfirmat.

454 1269 473 1320 e
495 1257 568 1342 quo
589 1246 690 1338 supra
710 1262 852 1336 quoque
874 1239 957 1314 dixi.

465 1349 498 1435 §.
522 1341 599 1416 XX.
627 1341 715 1416 llaec
739 1340 881 1416 criteria
901 1358 987 1412 num
1001 1336 1037 1410 in
1056 1331 1256 1408 Romanum
1272 1330 1464 1426 Imperium
1479 1357 1563 1429 qua.

418 1443 546 1530 drent‚
572 1437 799 1532 dispiciamus·
855 1456 886 1508 1·
912 1434 1069 1508 Primum
1092 1433 1134 1505 ab
1156 1451 1203 1502 eo
1225 1428 1295 1502 elle
1320 1430 1473 1508 alienum
1502 1456 1565 1508 ne.

397 1562 478 1616 ¹mo
505 1537 610 1610 facile
634 1533 767 1609 inficias
789 1532 925 1617 iverit,
964 1530 1024 1626 qui
1052 1529 1233 1604 Romanos
1265 1548 1333 1616 nec
1355 1528 1393 1603 in
1414 1529 1566 1608 Oriente

418 1633 562 1728 aliquod
582 1653 730 1730 regnum
758 1628 971 1719 condidiffe,
996 1647 1064 1700 nec
1083 1627 1175 1700 ultra
1194 1623 1410 1718 Euphratem
1432 1651 1566 1720 pomoe.

419 1735 472 1807 ria
491 1731 634 1806 ditionis
656 1727 725 1804 sue
745 1725 926 1816 dilatalse,
951 1724 1014 1798 ubi
1034 1739 1154 1798 tamen
1176 1723 1351 1816 praecipua
1374 1724 1472 1800 sedes
1492 1741 1569 1804 erat

421 1831 522 1926 regni
542 1826 809 1913 chaldeorum,
841 1823 877 1898 dr
898 1821 1141 1918 sequentium,
1172 1818 1216 1891 ad
1238 1821 1394 1896 animum
1420 1845 1567 1900 revoca·

420 1927 526 2002 verit.
589 1955 623 1998 a.
648 1921 801 2000 Romani
829 1942 903 1994 non
926 1935 1063 1994 tantum
1086 1915 1223 1991 nullum
1251 1916 1288 1992 in
1316 1917 1466 1995 Oriente
1490 1945 1568 2020 reg.
1634 1931 1638 1939 '

423 2045 510 2100 num
531 2035 750 2109 erexerunt,
787 2017 872 2107 sed,
904 2017 965 2108 qui
985 2036 1090 2089 verus
1110 2035 1236 2088 eorum
1258 2014 1461 2110 conspectus
1487 2019 1567 2111 est,

324 2127 326 2132 '
422 2141 532 2218 regna
558 2117 677 2193 omnia
704 2115 847 2191 tandem
876 2112 1151 2200 destruxerunt,
1183 2111 1218 2184 dr
1246 2111 1459 2190 informem
1487 2139 1569 2211 pro.
1633 2189 1637 2196 ‚

424 2219 550 2294 vinciae
574 2217 798 2311 redegerunt.
857 2211 923 2286 Per
953 2209 1047 2305 ipsos
1075 2206 1127 2282 est
1154 2205 1353 2284 introdutla
1381 2233 1572 2310 regnorum

403 2363 405 2368 ,
427 2314 517 2392 Aslae
537 2311 698 2410 ὁλοσχερὴς
721 2315 907 2408 inurelpecrr
924 2312 1076 2405 plenaria
1097 2307 1238 2395 deletu,
1272 2320 1348 2402 quae
1364 2309 1499 2403 ,phrafis
1521 2309 1572 2386 est

425 2413 566 2508 Polybii
589 2413 614 2486 l.
637 2433 677 2486 rr.
704 2433 739 2504 p.
759 2431 837 2502 173.
864 2407 908 2480 de
931 2426 1045 2502 regno
1069 2403 1308 2480 Macedonico
1330 2408 1373 2480 ab
1396 2409 1474 2502 iplrs
1497 2409 1576 2486 sub.

427 2510 518 2588 ὃᾶθ.
568 2507 653 2606 Quo
675 2509 779 2582 ctiam
802 2503 917 2578 tendit
929 2501 1079 2597 phrafis‚
1097 2501 1324 2584 καταλυθέντων
1344 2511 1401 2575 τᾶν
1421 2508 1577 2589 βασιλέων
1621 2547 1625 2555 ·

428 2631 541 2704 regum
560 2601 714 2700 potestate
735 2605 882 2688 abolita,
912 2622 980 2693 qua
1008 2599 1052 2672 de
1081 2599 1197 2697 regnis
1223 2596 1382 2674 Ponti&
1404 2599 1578 2698 Bithyniae

431 2708 545 2780 utitur
559 2703 629 2773 hoc
652 2699 688 2772 in
713 2699 792 2772 calu
814 2696 941 2770 Strabo
962 2697 986 2772 l.
1004 2717 1071 2770 xrr.
1094 2717 1128 2790 p.
1151 2699 1232 2770 816.
1257 2696 1349 2769 &de
1363 2697 1581 2796 Aliaeimpe.

430 2803 507 2888 rio,
541 2819 562 2869 a
582 2791 689 2869 Persrs
710 2795 754 2867 ad
776 2793 1135 2888 Graeco-Macedonas
1155 2793 1355 2883 devoluto,
1385 2796 1422 2871 in
1444 2819 1578 2894 genere

432 2899 532 2970 lxv.
556 2889 615 2966 fin.
679 2891 768 2966 Anae
792 2895 982 2986 imperium,
1008 2891 1116 2980 dicit,
1139 2891 1177 2965 in
1198 2895 1372 2986 complures
1387 2891 1580 2993 sucreffrres

334 3063 339 3073 ,
431 2988 645 3091 (Alexandri
673 2985 751 3086 M.)
778 2987 954 3081 divisum,
992 2988 1135 3064 tandem
1165 2989 1283 3070 διελύθη
1313 2987 1497 3088 diffirlulum
1521 2991 1578 3084 esd.

434 3089 531 3186 quod
551 3087 662 3162 Dion.
684 3087 799 3162 Halic.
821 3088 899 3162 l.1.
921 3107 951 3160 c.
972 3109 1006 3164 2.
1042 3087 1209 3180 exprimit
1236 3107 1302 3180 per
1328 3092 1480 3184 asperula
1503 3113 1581 3166 eoa-

434 3193 539 3277 nuit,
560 3181 679 3282 phrasr
700 3189 738 3260 in
761 3185 853 3258 hanc
874 3205 955 3286 rem
980 3185 1188 3280 emphatica.
1239 3183 1364 3278 Populi
1392 3187 1530 3280 itaque,
1558 3210 1582 3264 a

433 3285 601 3362 Romanis
623 3281 770 3376 subusti,
796 3305 860 3356 non
877 3297 936 3378 per
945 3279 984 3378 se
1010 3287 1133 3356 civitas
1156 3296 1270 3369 erant,
1286 3280 1348 3378 sed
1368 3288 1504 3357 membra
1518 3290 1583 3358 mi.

431 3407 495 3459 arus
518 3386 618 3480 digna
639 3403 765 3479 magna
788 3385 968 3468 civitatis,
994 3381 1140 3476 quomodo
1155 3377 1254 3475 servi
1275 3384 1414 3454 memlrra
1425 3378 1509 3476 sunt
1517 3379 1582 3474 fa-

432 3487 558 3574 milio,
584 3499 660 3572 quae
682 3479 799 3576 magni
821 3477 899 3552 Viri
923 3478 975 3550 lll.
1000 3477 1120 3552 Grotii
1137 3475 1169 3570 J.
1186 3475 1225 3550 Β.
1248 3476 1335 3572 &R
1355 3479 1379 3553 l.
1400 3499 1432 3554 1.
1448 3503 1479 3554 c.
1495 3502 1529 3572 3.
1546 3484 1582 3572 §.

434 3599 470 3674 7.
495 3576 604 3653 verba
625 3574 715 3653 sunt·
766 3575 819 3650 Ex
841 3597 913 3667 quo
935 3573 1035 3650 limul
1059 3577 1204 3663 eludet,
1234 3589 1276 3650 ut
1298 3576 1335 3648 id
1354 3575 1472 3651 obiter
1492 3577 1582 3654 anti-

435 3697 574 3766 crpem,
599 3671 779 3749 Romanos
801 3673 929 3746 redlius
949 3695 1016 3780 pro
1029 3671 1270 3747 instrumentis
1287 3673 1428 3760 hiberi,
1454 3677 1584 3768 quibus

427 3769 543 3863 statua
565 3769 615 3843 est
640 3771 802 3864 disjetlam
827 3769 861 3841 ἃ
884 3771 1040 3857 iudicium
1061 3768 1130 3842 Dei
1154 3769 1190 3844 in
1215 3775 1376 3844 animalia
1398 3772 1587 3846 executio.

430 3869 470 3950 ni
492 3867 716 3961 mandatum,
742 3869 787 3941 de
807 3887 879 3960 quo
900 3865 1041 3962 postea,
1067 3887 1172 3962 quam
1195 3888 1264 3962 pro
1285 3889 1361 3948 uno
1387 3889 1587 4040 regnorffi
