3462 4770
412 378 1410 530 1700188ERTAT10NE8·

416 617 604 698 monstrari
618 615 753 713 potest:
779 639 853 694 non
869 631 952 692 ante
968 613 1145 704 Meffinn,
1170 619 1251 710 quia
1267 623 1419 711 unitum,
1441 619 1571 702 &nnis

416 721 553 792 intentu
586 713 729 811 diuisum
763 718 853 803 fuit3
888 714 951 791 nisi
975 737 1039 810 per
1060 713 1223 806 fossiones
1247 718 1281 790 dc
1302 717 1394 793 bella
1421 721 1573 818 civilia,

419 839 497 909 quae
528 818 564 887 in
589 815 753 890 omnibus
783 816 899 910 regnis
930 813 1018 906 saepe
1047 813 1165 888 locum
1189 813 1340 902 habent,
1366 839 1436 892 nec
1457 827 1573 916 quarti

420 911 632 986 carasierem
657 911 901 999 constituunt,
927 915 1042 985 multo
1064 912 1178 984 minus
1200 910 1223 983 sr
1247 913 1290 985 ad
1312 935 1499 992 numerum
1520 921 1574 994 da.

420 1017 553 1084 numum
577 1010 800 1084 adtendatur.
853 1009 1027 1100 Accedit,
1053 1009 1238 1084 divifiones
1261 1011 1334 1084 illas
1358 1027 1496 1091 tantum
1512 1020 1572 1093 ab·

418 1106 488 1180 eise
521 1123 561 1182 ut
586 1108 772 1200 imperium
799 1105 1001 1180 destruendi
1032 1108 1146 1182 ansam
1184 1109 1424 1201 prebuerint‚
1463 1135 1574 1208 quern

419 1203 647 1298 conspestum
672 1202 770 1278 ferre
793 1205 967 1278 deberent
990 1206 1026 1278 in
1051 1203 1186 1295 statua,
1211 1221 1251 1280 ut
1268 1224 1395 1282 contra
1409 1209 1454 1282 de
1468 1233 1576 1290 novo

364 1351 370 1360 ·
421 1299 514 1395 quasi
529 1301 799 1389 'resuscitarint,
832 1302 903 1376 vid.
925 1299 1021 1376 uror.
1044 1303 1069 1378 1.
1094 1325 1123 1376 r.
1151 1303 1337 1378 &Seneca
1363 1307 1455 1401 apud
1478 1309 1576 1399 Lau.

421 1399 505 1473 inst.
526 1400 549 1472 Ι.
575 1419 640 1470 vrr.
665 1421 698 1473 c.
726 1418 779 1490 15·
815 1399 1017 1497 &regnum
1047 1399 1316 1476 Monarchicum
1341 1411 1578 1502 pepererint,

420 1518 528 1589 quam
552 1495 704 1589 speciem
730 1497 801 1570 visa
829 1501 1024 1591 requirunt.
1090 1498 1263 1572 Praeterea
1286 1502 1435 1578 totidem
1461 1505 1574 1582 divisa

422 1615 533 1690 regna
553 1594 724 1690 interim,
750 1593 847 1688 quod
870 1597 959 1669 hanc
977 1597 1186 1691 opinionem
1210 1599 1313 1691 plane
1336 1602 1497 1692 evertit,
1529 1625 1576 1681 ex

421 1707 526 1764 textu
553 1688 777 1766 manifestum
803 1689 865 1765 est.
926 1693 982 1766 Sic
1003 1713 1080 1786 cap.
1103 1715 1144 1770 rr:
1169 1717 1228 1781 44.
1255 1719 1345 1792 reges
1367 1717 1575 1794 vocantur,

421 1809 574 1882 quorum
596 1803 760 1882 tempore
783 1789 868 1883 lapis
889 1789 923 1880 in
949 1789 1119 1866 colossum
1143 1794 1323 1885 irrucret,
1348 1797 1471 1893 utique
1500 1805 1576 1889 issi,

422 1887 518 1959 inter
539 1907 628 1977 quos
653 1907 802 1983 regnum
826 1905 989 1979 quartum
1013 1889 1292 1965 distribueretur.
1320 1895 1451 1989 quippe
1475 1899 1576 1990 cujus

420 1982 481 2058 hic
507 1981 656 2056 traditur
680 1984 884 2076 explicatio.
937 1985 1073 2060 Decem
1099 2008 1189 2062 vero
1210 2011 1329 2062 cornua
1352 1992 1429 2086 ipsis
1455 1998 1576 2072 verbis

419 2101 513 2176 roger
533 2078 753 2173 adpellantur
782 2101 858 2174 cap.
882 2103 951 2158 vu:
974 2105 1030 2158 21.
1070 2085 1286 2180 interpretes
1302 2131 1317 2177 ,·
1347 2093 1473 2186 quibus
1499 2095 1576 2171 haec
1682 2085 1685 2092 λ

421 2177 548 2270 opinio
570 2176 707 2268 adrisit,
743 2181 840 2252 varie
863 2178 1073 2255 instituunt:
1112 2183 1289 2259 dodiiores
1311 2191 1355 2259 de
1374 2187 1575 2279 fossionibus
1693 2224 1696 2226 ·

420 2275 479 2348 vel
499 2279 685 2370 prouinciis
704 2277 856 2351 Romani
877 2277 1019 2371 Imperii
1043 2301 1088 2352 co
1113 2281 1221 2369 itant,
1247 2283 1281 2356 dt
1305 2282 1493 2366 definitum
1510 2313 1572 2366 nu·

420 2393 562 2449 merum
585 2395 652 2467 pro
675 2373 863 2450 indefinito
886 2375 1027 2451 habent.
1079 2301 1169 2476 (ἕως
1193 2379 1320 2474 sponte
1347 2382 1406 2458 sua
1421 2389 1575 2467 caduntt

422 2492 531 2566 quare
554 2470 595 2545 iis
617 2473 842 2547 recensendis
866 2495 939 2548 non
962 2475 1146 2550 immoror.
1617 2533 1622 2544 .

472 2572 504 2658 §.
528 2565 612 2642 XV.
638 2567 780 2661 Majore
802 2571 945 2663 quidem
967 2594 1049 2646 cum
1071 2573 1192 2664 specie
1213 2571 1288 2647 sese·
1306 2581 1504 2674 expediunt
1516 2585 1570 2664 In·

417 2673 618 2757 terpretes,
644 2666 704 2758 qui
727 2663 929 2740 Romanum
950 2670 1135 2762 imperium
1154 2671 1197 2744 ad
1215 2673 1339 2752 ultima
1359 2701 1469 2776 usque
1485 2700 1570 2759 tem·
1729 2671 1730 2686 Ν

418 2782 511 2857 pora
530 2759 756 2846 extendunt,
782 2763 863 2853 quia
883 2764 992 2838 multa
1013 2766 1048 2839 in
1073 2787 1119 2839 eo
1146 2785 1230 2843 nata
1248 2769 1328 2850 sunt
1350 2799 1481 2876 regna:
1518 2798 1568 2857 at·

420 2872 542 2932 tamen
562 2855 595 2927 dt
617 2855 656 2929 in
675 2857 792 2954 regnis
815 2859 882 2931 illis
908 2863 1177 2954 enumerandis,
1211 2867 1245 2941 dt
1265 2871 1304 2946 in
1331 2897 1429 2949 cornu
1454 2897 1567 2972 parvo

351 3011 355 3020 .
416 2949 718 3042 demonstrando,
745 2967 935 3050 tantopere
963 2959 1081 3036 secum
1102 2961 1327 3059 discutiunt,
1354 2989 1395 3047 ut
1414 2972 1450 3048 se
1470 2992 1567 3052 certa

415 3051 541 3147 judicii
571 3071 696 3127 norma
718 3072 844 3147 carere
861 3055 954 3128 clare
985 3057 1210 3153 patefaciant.
1266 3066 1338 3142 Alii
1361 3071 1460 3148 enim
1486 3077 1569 3152 toti·

420 3148 507 3224 dem
532 3148 634 3222 unius
659 3149 801 3244 imperii
824 3150 976 3230 Romani
991 3163 1204 3252 prouincias,
1230 3164 1287 3237 alii
1311 3188 1421 3268 regna
1434 3191 1482 3248 ex
1496 3197 1567 3267 eo,

417 3247 478 3322 vel
500 3247 623 3334 ineo,
647 3263 731 3325 nata
752 3249 982 3349 intelligunt,
1008 3254 1064 3329 alii
1087 3255 1241 3352 donique
1269 3287 1361 3360 reges
1384 3269 1568 3363 totidem,

419 3345 479 3440 qui
497 3341 682 3421 noviffimo
696 3363 860 3444 tempore
878 3371 1026 3450 regnum
1040 3353 1241 3433 Romanum
1256 3359 1437 3452 divident,
1456 3389 1567 3460 quan·

418 3443 467 3517 do
490 3464 553 3515 rex
573 3443 803 3538 undecimus,
828 3447 887 3525 scu
905 3465 1050 3546 parvum
1070 3476 1188 3542 cona,
1214 3455 1285 3531 srva
1309 3463 1567 3560 Antichristus,

332 3579 335 3590 ι
414 3539 562 3638 surget,-
591 3541 655 3636 qui·
679 3544 832 3637 primum
861 3561 928 3620 tres
951 3549 1038 3650 'dein
1069 3551 1222 3646 reliquos
1242 3555 1359 3652 septem
1382 3563 1446 3636 fibi
1467 3564 1573 3662 subji-

414 3641 518 3713 ciet:
542 3644 641 3732 cujus
665 3644 843 3735 opinionis
867 3668 993 3721 omnes
1016 3648 1202 3743 scriptores
1229 3653 1490 3736 Ecclefiasticos
1514 3685 1568 3738 es·

417 3732 474 3818 st,
509 3735 614 3810 tradit
643 3737 896 3833 Hieronymus.
956 3744 1090 3822 Eadem
1115 3749 1253 3824 ratione
1281 3753 1441 3832 diffident
1472 3761 1569 3837 circa

304 3871 306 3876 ·
418 3853 522 3903 cornu
537 3844 704 3924 paruum,
729 3836 920 3913 secundum
940 3841 1019 3917 ilios
1043 3867 1189 3940 regnum
1215 3849 1480 3948 Osmarmirum,
1515 3858 1566 3934 se·

415 3927 576 4040 cundum
599 3931 687 4008 alios
705 3931 978 4032 Antichristus,
1012 3963 1118 4044 quem
1138 3945 1195 4020 aiii
1217 3969 1283 4042 pro
1304 3945 1410 4049 Papia
1434 3953 1570 4070 Roma·

1490 4078 1568 4150 urs,
