3462 4770
427 438 498 498 2n
583 393 1416 522 omsrnrarrouas

425 604 537 680 suerit
563 599 749 674 Graecorum
768 593 929 668 omniunt
952 589 1024 664 dux
1045 585 1291 682 &Imperator
1313 583 1356 660 'ad
1380 585 1500 666 Persas
1526 589 1584 664 de·

235 755 240 763 ,
377 769 380 799 ,
425 701 635 785 bollandos,
666 713 862 784 eorumque
891 691 1038 765 nornine
1069 688 1138 760 boc
1169 686 1302 760 bellurn
1330 685 1481 782 gesserit.
1540 689 1582 761 ld

427 799 524 892 quod
545 802 580 868 in
604 793 738 868 solenni
760 789 967 863 Graecorunr
989 785 1144 860 concilio
1166 782 1332 856 Corinthi
1355 782 1485 858 satlurn
1508 785 1580 858 esse

429 897 536 972 tradit
558 894 698 966 Arrian.
721 889 797 960 init.
819 887 852 958 ἃ
872 884 959 978 Just.
984 905 1039 956 rr:
1063 905 1096 956 a.
1124 901 1232 974 quare
1260 880 1399 970 Graeci,
1425 905 1444 954 a
1467 883 1582 956 Persa·

429 1017 510 1068 turn
537 993 694 1084 partibus
716 985 863 1070 slantes,
891 983 926 1054 id
941 997 1067 1055 contra
1083 1001 1276 1050 communem
1289 977 1498 1052 Graeeorunr
1506 977 1585 1074 fen.

430 1096 567 1163 tentiam
593 1085 711 1161 secisse
735 1084 922 1168 dicuntur,
948 1080 1031 1152 ibid.
1058 1098 1089 1150 r.
1112 1099 1145 1170 p.
1166 1080 1223 1176 go.
1251 1074 1510 1150 &Alexander
1531 1079 1581 1172 ip-

429 1187 467 1262 se
487 1189 584 1260 illum
608 1184 751 1260 titulum
772 1178 952 1270 usurpavit
981 1177 1018 1248 in
1041 1169 1195 1266 Epistola
1217 1171 1260 1244 ad
1286 1170 1456 1262 Darium,
1483 1176 1531 1248 ib.
1559 1176 1582 1250 l.

430 1305 470 1358 lt.
498 1308 531 1374 p.
555 1291 612 1372 84.
640 1280 710 1352 vid.
729 1277 835 1351 etiam
853 1275 998 1349 lvcian.
1014 1271 1104 1344 Dial.
1122 1271 1233 1343 Mort.
1250 1291 1285 1362 p.
1302 1273 1383 1344 288.
1433 1272 1582 1349 Nomen
1633 1349 1636 1357 ,

446 1411 467 1454 v
490 1379 633 1478 Jaoan,
658 1399 730 1472 quo
748 1375 907 1468 Angelus
927 1372 984 1444 hic
1012 1370 1046 1450 dr
1069 1367 1159 1440 Dan.
1176 1389 1218 1440 rr:v
1236 1388 1293 1442 20.
1319 1367 1361 1440 ad
1377 1371 1582 1462 exemplum
1633 1443 1635 1453 ,

430 1408 608 1556 J'eterurn
626 1475 720 1546 Gen.
738 1495 771 1545 x.
796 1471 862 1562 Jell
882 1491 986 1540 txvr:
1009 1489 1064 1558 19.
1088 1465 1330 1555 aliorumque,
1364 1481 1407 1538 ut
1422 1465 1502 1558 Joet
1528 1489 1581 1542 rv:

431 1581 491 1662 6.‚
517 1577 652 1658 utitur,
678 1570 736 1643 cui
750 1569 813 1640 Gr.
830 1583 904 1638 laur
927 1566 961 1639 dr
980 1579 1029 1636 lav
1045 1561 1254 1655 respondet,
1282 1561 1316 1634 δι
1336 1564 1431 1638 unde
1449 1564 1582 1644 desum·

432 1689 532 1760 turn,
559 1669 667 1744 modo
682 1687 747 1760 pro
776 1667 812 1740 ll'.
837 1664 927 1758 legas
943 1665 975 1737 ll
1001 1662 1059 1731 vel
1083 1657 1370 1758 p,srctaa1n.
1395 1682 1429 1734 1:
1453 1684 1485 1756 3.
1513 1685 1581 1757 pro

432 1799 494 1873 pu,
521 1791 598 1861 quae
629 1787 701 1837 vox
712 1759 814 1856 solem
841 1759 1015 1854 AEgyptiis
1047 1758 1195 1830 denotat
1215 1755 1307 1830 Gen.
1332 1778 1403 1832 aar:
1431 1781 1488 1848 45.
1517 1760 1583 1835 etsr

432 1865 528 1959 apud
548 1864 692 1936 Graecos
712 1859 756 1931 de
778 1857 907 1930 Atticis
924 1855 1133 1947 usurpetur,
1159 1854 1263 1928 etiarn
1285 1856 1330 1928 ab
1345 1853 1583 1948 antiquissimis

432 1962 678 2054 temporibus,
704 1974 743 2028 ut
765 1955 824 2025 vel
848 1975 892 2026 ert
915 1953 1082 2026 columna
1104 1950 1283 2026 al'lreseo
1305 1953 1341 2025 in
1363 1952 1495 2028 lsllrmo
1515 1977 1582 2050 po·

432 2061 522 2148 sita,
546 2055 638 2152 apud
661 2053 772 2129 strab.
791 2052 815 2124 l.
837 2071 886 2124 nr.
912 2051 1043 2144 poor.
1070 2049 1210 2123 &Plut
1232 2049 1267 2121 in
1289 2049 1443 2125 Theseo.
1465 2073 1500 2145 p.
1525 2074 1582 2127 rr.

431 2171 552 2254 patet,
577 2151 670 2246 apud
686 2168 874 2223 extraneos
890 2161 1032 2236 tamen,
1057 2144 1130 2218 slve
1146 2147 1315 2234 barbaros,
1343 2163 1385 2221 ut
1410 2169 1473 2222 eos
1486 2150 1582 2222 Grae-

432 2257 467 2329 ei
489 2251 693 2347 adpellant,
735 2267 866 2340 eosque
894 2246 1000 2319 etiarn
1028 2242 1149 2332 solos,
1183 2243 1280 2337 quod
1303 2247 1419 2320 notari
1441 2247 1578 2338 velim,

431 2355 537 2428 latius
564 2347 633 2422 sese
658 2346 701 2420 ad
721 2366 846 2418 omnes
874 2343 1017 2416 Graecos
1042 2341 1230 2428 extendit,
1262 2357 1301 2414 ut
1328 2363 1372 2414 ert
1397 2341 1577 2439 Aristoph.

432 2451 590 2526 Acharn.
622 2443 672 2518 vs.
700 2446 776 2518 106.
804 2438 1016 2530 &AEschyl
1045 2437 1135 2512 Pers.
1165 2440 1213 2510 vs.
1242 2444 1319 2530 178.
1353 2455 1480 2534 patet,
1518 2443 1580 2518 ubi

433 2549 535 2622 ebori
558 2543 696 2618 barbari
716 2538 1019 2624 introducuntur,
1051 2537 1125 2611 &a
1152 2535 1347 2608 Scholiast'rs
1370 2539 1578 2616 adnotatum

291 2685 300 2702 .
434 2643 497 2715 est.
548 2641 606 2713 De
627 2659 697 2728 quo
711 2636 769 2707 hic
784 2635 908 2728 agendi
927 2655 1001 2704 non
1022 2631 1075 2704 est
1088 2633 1208 2720 locus,
1234 2650 1273 2707 ut
1299 2656 1366 2707 nee
1388 2636 1432 2708 de
1455 2644 1585 2734 origine

432 2736 589 2815 nominis
609 2731 716 2806 afilio
728 2730 867 2824 Japheti
880 2730 954 2820 ejus
970 2731 1123 2802 nominis
1141 2732 1237 2806 Gen.
1249 2755 1284 2804 a:
1303 2753 1335 2806 a.
1362 2733 1405 2805 de
1420 2755 1496 2828 quo
1508 2735 1579 2809 vid

434 2835 493 2909 Cl.
508 2830 617 2903 Bocn.
633 2829 768 2923 Geogr.
784 2829 821 2899 S.
833 2825 859 2898 l.
876 2847 931 2898 111.
950 2845 971 2896 c
998 2847 1032 2918 3.
1055 2828 1134 2906 ,Sed
1149 2849 1254 2918 quare
1266 2834 1393 2923 primus
1409 2853 1470 2902 rex
1486 2831 1584 2904 Grae.

434 2932 503 3006 ciae
524 2943 672 3002 vocatur
693 2923 924 2998 Alexander?
947 2945 1027 2996 curn
1051 2922 1229 3018 Philippus
1252 2930 1335 2998 erbis
1350 2925 1483 3022 Imperii
1495 2926 1580 3020 furt·
1727 2961 1728 2976 κ

335 3061 336 3065 “
435 3031 588 3102 damnata
609 3026 737 3110 iecerit,
771 3036 811 3094 ut
833 3019 919 3114 Just.
948 3041 1003 3094 rr:
1026 3024 1059 3094 8.
1083 3023 1156 3114 ait,
1179 3023 1212 3094 dt
1236 3021 1310 3116 ipse
1332 3046 1476 3118 quoque
1496 3026 1583 3099 Dur

435 3126 645 3199 Graecoturn
667 3135 793 3195 contra
815 3117 931 3191 Persas
952 3117 1060 3192 suerit
1078 3117 1313 3207 constitutus3
1338 3137 1377 3194 ut
1398 3125 1503 3216 supra
1518 3127 1578 3200 ob

436 3222 584 3298 servavi.
635 3219 743 3292 Ratio
761 3239 835 3290 non
855 3215 905 3288 est
922 3216 1249 3384 sonpearcesl'enda.
1289 3219 1497 3294 Sicutenirn
1513 3221 1583 3295 Ne-

436 3319 658 3397 bucadnezar
673 3329 768 3410 caput
783 3337 915 3388 aureum
932 3315 969 3385 in

436 3421 532 3494 viam
549 3417 590 3490 ad
608 3413 851 3487 Monarchiam
867 3409 1144 3502 Babyloniorum
1165 3409 1350 3502 straverit,
1375 3416 1455 3508 quia
1475 3413 1584 3491 Filius

425 3539 512 3590 rem
536 3511 713 3606 perfecit:
750 3510 874 3584 eadem
895 3509 938 3580 de
960 3508 1097 3581 ratione
1119 3508 1349 3602 Alexander,
1380 3512 1439 3606 qui
1462 3515 1587 3606 operio

436 3619 540 3685 totius
561 3615 698 3706 gloriam
720 3605 981 3698 consummavit,
1014 3621 1053 3679 ut
1076 3602 1163 3697 Just.
1182 3605 1230 3678 ib
1254 3606 1372 3696 addit,
1397 3609 1585 3684 &Ducena

436 3710 644 3780 Graecorunr
669 3727 753 3778 vere
773 3704 905 3798 egerit,
931 3699 1026 3794 quod
1048 3702 1149 3774 Pater
1174 3723 1239 3794 per
1255 3721 1410 3778 mortem
1435 3707 1586 3801 impedi.

438 3819 497 3878 tus
518 3800 568 3874 est
591 3803 738 3890 facere,
760 3804 861 3894 primi
885 3803 973 3892 regis
997 3799 1137 3872 titulum
1162 3816 1330 3874 meretur.
1380 3801 1510 3877 Nullus
1532 3823 1580 3877 ta.

436 3923 521 3979 areu
542 3899 796 3991 dubitaverim,
822 3895 907 3993 quin
926 3899 1056 3994 primus
1075 3917 1133 3972 rex
1149 3897 1287 3991 audiat,
1315 3899 1396 3994 quia
1408 3900 1484 3996 ipse
1500 3901 1586 3974 Mo-

1497 4019 1576 4075 ms-

1013 3314 1254 3402 atuadicitur,
1287 3317 1373 3390 licet
1387 3317 1489 3390 Pater
1507 3321 1585 3410 ejus
