<?xml version="1.0" encoding="UTF-8"?>
<!DOCTYPE html PUBLIC "-//W3C//DTD XHTML 1.0 Transitional//EN"
    "http://www.w3.org/TR/xhtml1/DTD/xhtml1-transitional.dtd">
<html xmlns="http://www.w3.org/1999/xhtml" xml:lang="en" lang="en">
 <head>
  <title>
</title>
<meta http-equiv="Content-Type" content="text/html;charset=utf-8" />
  <meta name='ocr-system' content='tesseract 3.04.00' />
  <meta name='ocr-capabilities' content='ocr_page ocr_carea ocr_par ocr_line ocrx_word'/>
</head>
<body>
  <div class='ocr_page' id='page_1' title='image "./dissertationesa00venegoog_0199.png"; bbox 0 0 3494 4802; ppageno 0'>
   <div class='ocr_carea' id='block_1_1' title="bbox 347 399 1495 514">
    <p class='ocr_par' dir='ltr' id='par_1_1' title="bbox 347 399 1495 514">
     <span class='ocr_line' id='line_1_1' title="bbox 347 399 1495 514; baseline 0.019 -34"><span class='ocrx_word' id='word_1_1' title='bbox 347 425 403 480; x_wconf 80' lang='lat' dir='ltr'><strong>nu</strong></span> <span class='ocrx_word' id='word_1_2' title='bbox 453 399 829 486; x_wconf 80' lang='lat' dir='ltr'><strong>VAT&#39;lClNlA</strong></span> <span class='ocrx_word' id='word_1_3' title='bbox 875 400 1207 494; x_wconf 77' lang='lat' dir='ltr'><strong>uhurttrs.</strong></span> <span class='ocrx_word' id='word_1_4' title='bbox 1264 419 1356 514; x_wconf 80' lang='lat'><strong>&#39;185</strong></span> <span class='ocrx_word' id='word_1_5' title='bbox 1487 472 1495 478; x_wconf 95' lang='lat'>-</span> 
     </span>
    </p>
   </div>
   <div class='ocr_carea' id='block_1_2' title="bbox 31 571 1483 4062">
    <p class='ocr_par' dir='ltr' id='par_1_2' title="bbox 175 571 1348 982">
     <span class='ocr_line' id='line_1_2' title="bbox 202 571 1348 692; baseline 0.015 -37"><span class='ocrx_word' id='word_1_6' title='bbox 202 579 323 670; x_wconf 83' lang='lat' dir='ltr'><strong>leucus</strong></span> <span class='ocrx_word' id='word_1_7' title='bbox 345 571 552 682; x_wconf 68' lang='lat' dir='ltr'><strong>Callinicus,</strong></span> <span class='ocrx_word' id='word_1_8' title='bbox 579 589 789 668; x_wconf 83' lang='lat' dir='ltr'><strong>Ptolemaeus</strong></span> <span class='ocrx_word' id='word_1_9' title='bbox 804 592 1021 692; x_wconf 78' lang='lat' dir='ltr'><strong>Euergetes,</strong></span> <span class='ocrx_word' id='word_1_10' title='bbox 1039 595 1205 671; x_wconf 78' lang='lat' dir='ltr'><strong>Seleucus</strong></span> <span class='ocrx_word' id='word_1_11' title='bbox 1220 595 1348 672; x_wconf 90' lang='lat' dir='ltr'><strong>Cerau-</strong></span> 
     </span>
     <span class='ocr_line' id='line_1_3' title="bbox 199 684 1346 787; baseline 0.011 -34"><span class='ocrx_word' id='word_1_12' title='bbox 199 699 286 771; x_wconf 89' lang='lat' dir='ltr'><strong>nus,</strong></span> <span class='ocrx_word' id='word_1_13' title='bbox 312 684 512 762; x_wconf 87' lang='lat' dir='ltr'>Antiochus</span> <span class='ocrx_word' id='word_1_14' title='bbox 527 689 603 780; x_wconf 78' lang='lat' dir='ltr'><strong>lt,</strong></span> <span class='ocrx_word' id='word_1_15' title='bbox 628 689 834 766; x_wconf 76' lang='lat' dir='ltr'><strong>Ptolemaeus</strong></span> <span class='ocrx_word' id='word_1_16' title='bbox 851 692 1076 787; x_wconf 84' lang='lat' dir='ltr'>Philopator,</span> <span class='ocrx_word' id='word_1_17' title='bbox 1090 697 1255 770; x_wconf 88' lang='lat' dir='ltr'><strong>Seleucus</strong></span> <span class='ocrx_word' id='word_1_18' title='bbox 1269 695 1346 768; x_wconf 88' lang='lat' dir='ltr'><strong>Phl-</strong></span> 
     </span>
     <span class='ocr_line' id='line_1_4' title="bbox 195 775 1343 886; baseline 0.015 -38"><span class='ocrx_word' id='word_1_19' title='bbox 195 775 358 870; x_wconf 89' lang='lat' dir='ltr'><strong>lopator,</strong></span> <span class='ocrx_word' id='word_1_20' title='bbox 393 783 593 860; x_wconf 86' lang='lat' dir='ltr'><strong>Antiochus</strong></span> <span class='ocrx_word' id='word_1_21' title='bbox 611 785 830 880; x_wconf 75' lang='lat' dir='ltr'><strong>Epiphanes.</strong></span> <span class='ocrx_word' id='word_1_22' title='bbox 889 791 940 864; x_wconf 92' lang='lat' dir='ltr'><strong>lll.</strong></span> <span class='ocrx_word' id='word_1_23' title='bbox 967 791 1131 864; x_wconf 89' lang='lat' dir='ltr'><strong>Grotium</strong></span> <span class='ocrx_word' id='word_1_24' title='bbox 1155 791 1343 886; x_wconf 83' lang='lat' dir='ltr'><strong>hadieris,</strong></span> 
     </span>
     <span class='ocr_line' id='line_1_5' title="bbox 175 871 1343 982; baseline 0.015 -37"><span class='ocrx_word' id='word_1_25' title='bbox 175 871 260 947; x_wconf 80' lang='lat' dir='ltr'><strong>hos</strong></span> <span class='ocrx_word' id='word_1_26' title='bbox 285 880 462 971; x_wconf 82' lang='lat' dir='ltr'><strong>reperies,</strong></span> <span class='ocrx_word' id='word_1_27' title='bbox 489 883 579 958; x_wconf 87' lang='lat' dir='ltr'><strong>Ptol.</strong></span> <span class='ocrx_word' id='word_1_28' title='bbox 602 881 709 980; x_wconf 87' lang='lat' dir='ltr'><strong>Lagi,</strong></span> <span class='ocrx_word' id='word_1_29' title='bbox 733 887 870 960; x_wconf 85' lang='lat' dir='ltr'><strong>Seleuc.</strong></span> <span class='ocrx_word' id='word_1_30' title='bbox 900 887 1049 976; x_wconf 80' lang='lat' dir='ltr'><strong>Nicat,</strong></span> <span class='ocrx_word' id='word_1_31' title='bbox 1075 887 1165 962; x_wconf 87' lang='lat' dir='ltr'><strong>Ptol.</strong></span> <span class='ocrx_word' id='word_1_32' title='bbox 1193 887 1343 982; x_wconf 84' lang='lat' dir='ltr'><strong>Eupat,</strong></span> 
     </span>
    </p>

    <p class='ocr_par' dir='ltr' id='par_1_3' title="bbox 88 969 1483 1175">
     <span class='ocr_line' id='line_1_6' title="bbox 88 969 1342 1074; baseline 0.013 -34"><span class='ocrx_word' id='word_1_33' title='bbox 88 1032 94 1040; x_wconf 91' lang='lat'>.</span> <span class='ocrx_word' id='word_1_34' title='bbox 193 969 490 1074; x_wconf 84' lang='lat' dir='ltr'><strong>Ptol.Euerget.‚</strong></span> <span class='ocrx_word' id='word_1_35' title='bbox 509 981 651 1055; x_wconf 84' lang='lat' dir='ltr'><strong>Seleuc.</strong></span> <span class='ocrx_word' id='word_1_36' title='bbox 672 981 1013 1073; x_wconf 89' lang='lat' dir='ltr'><strong>Callin.,·Antioch.</strong></span> <span class='ocrx_word' id='word_1_37' title='bbox 1039 985 1114 1074; x_wconf 92' lang='lat' dir='ltr'><strong>M.,</strong></span> <span class='ocrx_word' id='word_1_38' title='bbox 1150 985 1240 1062; x_wconf 88' lang='lat' dir='ltr'><strong>Ptol.</strong></span> <span class='ocrx_word' id='word_1_39' title='bbox 1268 987 1342 1059; x_wconf 88' lang='lat' dir='ltr'><strong>Phi·</strong></span> 
     </span>
     <span class='ocr_line' id='line_1_7' title="bbox 190 1066 1483 1175; baseline 0.011 -34"><span class='ocrx_word' id='word_1_40' title='bbox 190 1066 298 1162; x_wconf 87' lang='lat' dir='ltr'><strong>lopat.</strong></span> <span class='ocrx_word' id='word_1_41' title='bbox 312 1095 327 1161; x_wconf 84' lang='lat'><strong>,</strong></span> <span class='ocrx_word' id='word_1_42' title='bbox 340 1071 430 1146; x_wconf 90' lang='lat' dir='ltr'><strong>Ptol.</strong></span> <span class='ocrx_word' id='word_1_43' title='bbox 451 1075 792 1170; x_wconf 86' lang='lat' dir='ltr'><strong>Epiphan.,Seleuc.</strong></span> <span class='ocrx_word' id='word_1_44' title='bbox 808 1080 966 1174; x_wconf 85' lang='lat' dir='ltr'><strong>Philop,</strong></span> <span class='ocrx_word' id='word_1_45' title='bbox 981 1081 1150 1156; x_wconf 88' lang='lat' dir='ltr'><strong>Antioch.</strong></span> <span class='ocrx_word' id='word_1_46' title='bbox 1167 1082 1342 1175; x_wconf 87' lang='lat' dir='ltr'><strong>Epiphan.</strong></span> <span class='ocrx_word' id='word_1_47' title='bbox 1408 1094 1423 1128; x_wconf 67' lang='lat'><strong>&#39;³</strong></span> <span class='ocrx_word' id='word_1_48' title='bbox 1482 1151 1483 1155; x_wconf 74' lang='grc'>,</span> 
     </span>
    </p>

    <p class='ocr_par' dir='ltr' id='par_1_4' title="bbox 96 1161 1465 1370">
     <span class='ocr_line' id='line_1_8' title="bbox 96 1161 1340 1273; baseline 0.009 -35"><span class='ocrx_word' id='word_1_49' title='bbox 96 1163 115 1212; x_wconf 81' lang='lat'><strong>·‘</strong></span> <span class='ocrx_word' id='word_1_50' title='bbox 186 1161 282 1241; x_wconf 90' lang='lat' dir='ltr'><strong>Rev.</strong></span> <span class='ocrx_word' id='word_1_51' title='bbox 296 1169 454 1260; x_wconf 87' lang='lat' dir='ltr'><strong>Bekker,</strong></span> <span class='ocrx_word' id='word_1_52' title='bbox 482 1175 545 1245; x_wconf 90' lang='lat' dir='ltr'><strong>vir</strong></span> <span class='ocrx_word' id='word_1_53' title='bbox 564 1173 721 1263; x_wconf 70' lang='lat' dir='ltr'><strong>Doctus,</strong></span> <span class='ocrx_word' id='word_1_54' title='bbox 753 1178 818 1248; x_wconf 86' lang='lat' dir='ltr'><strong>hos</strong></span> <span class='ocrx_word' id='word_1_55' title='bbox 842 1175 1086 1272; x_wconf 87' lang='lat' dir='ltr'><strong>confignavit,</strong></span> <span class='ocrx_word' id='word_1_56' title='bbox 1111 1178 1201 1254; x_wconf 91' lang='lat' dir='ltr'><strong>Ptol.</strong></span> <span class='ocrx_word' id='word_1_57' title='bbox 1223 1177 1340 1273; x_wconf 85' lang='lat' dir='ltr'>Lagi,</span> 
     </span>
     <span class='ocr_line' id='line_1_9' title="bbox 184 1261 1465 1370; baseline 0.015 -35"><span class='ocrx_word' id='word_1_58' title='bbox 184 1261 281 1337; x_wconf 86' lang='lat' dir='ltr'><strong>Ptol.</strong></span> <span class='ocrx_word' id='word_1_59' title='bbox 297 1265 536 1359; x_wconf 89' lang='lat' dir='ltr'><strong>Philadelph,</strong></span> <span class='ocrx_word' id='word_1_60' title='bbox 561 1271 734 1345; x_wconf 85' lang='lat' dir='ltr'><strong>Antioch.</strong></span> <span class='ocrx_word' id='word_1_61' title='bbox 749 1269 895 1358; x_wconf 87' lang='lat' dir='ltr'><strong>Theos,</strong></span> <span class='ocrx_word' id='word_1_62' title='bbox 921 1272 1012 1346; x_wconf 90' lang='lat' dir='ltr'><strong>Ptol.</strong></span> <span class='ocrx_word' id='word_1_63' title='bbox 1029 1271 1222 1370; x_wconf 82' lang='lat' dir='ltr'><strong>Euerget,</strong></span> <span class='ocrx_word' id='word_1_64' title='bbox 1249 1274 1339 1348; x_wconf 90' lang='lat' dir='ltr'><strong>Ptol.</strong></span> <span class='ocrx_word' id='word_1_65' title='bbox 1452 1345 1465 1354; x_wconf 89' lang='lat'><strong>.</strong></span> 
     </span>
    </p>

    <p class='ocr_par' dir='ltr' id='par_1_5' title="bbox 31 1356 1340 1849">
     <span class='ocr_line' id='line_1_10' title="bbox 31 1356 1340 1461; baseline 0.01 -30"><span class='ocrx_word' id='word_1_66' title='bbox 31 1358 36 1409; x_wconf 65' lang='grc' dir='ltr'><em>Ξ</em></span> <span class='ocrx_word' id='word_1_67' title='bbox 69 1367 74 1372; x_wconf 86' lang='grc'><strong><em>’</em></strong></span> <span class='ocrx_word' id='word_1_68' title='bbox 181 1356 386 1454; x_wconf 77' lang='lat' dir='ltr'><strong>Philopoe,</strong></span> <span class='ocrx_word' id='word_1_69' title='bbox 420 1363 589 1438; x_wconf 86' lang='lat' dir='ltr'><strong>Antioch.</strong></span> <span class='ocrx_word' id='word_1_70' title='bbox 614 1367 692 1454; x_wconf 88' lang='lat' dir='ltr'><strong>M.,</strong></span> <span class='ocrx_word' id='word_1_71' title='bbox 717 1367 809 1459; x_wconf 75' lang='lat' dir='ltr'><strong>Ptol.</strong></span> <span class='ocrx_word' id='word_1_72' title='bbox 836 1367 1030 1461; x_wconf 80' lang='lat' dir='ltr'><strong>Epiphan,</strong></span> <span class='ocrx_word' id='word_1_73' title='bbox 1064 1368 1201 1444; x_wconf 87' lang='lat' dir='ltr'><strong>Seleuc.</strong></span> <span class='ocrx_word' id='word_1_74' title='bbox 1225 1369 1340 1444; x_wconf 91' lang='lat' dir='ltr'><strong>Philo·</strong></span> 
     </span>
     <span class='ocr_line' id='line_1_11' title="bbox 182 1457 1339 1562; baseline 0.011 -34"><span class='ocrx_word' id='word_1_75' title='bbox 182 1469 283 1548; x_wconf 77' lang='lat' dir='ltr'><strong>pat,</strong></span> <span class='ocrx_word' id='word_1_76' title='bbox 299 1457 391 1532; x_wconf 81' lang='lat' dir='ltr'><strong>Ptol.</strong></span> <span class='ocrx_word' id='word_1_77' title='bbox 408 1460 616 1548; x_wconf 89' lang='lat' dir='ltr'><strong>Philomet.‚</strong></span> <span class='ocrx_word' id='word_1_78' title='bbox 633 1463 722 1537; x_wconf 88' lang='lat' dir='ltr'><strong>Ptol.</strong></span> <span class='ocrx_word' id='word_1_79' title='bbox 739 1463 932 1555; x_wconf 81' lang='lat' dir='ltr'><strong>Physcon,</strong></span> <span class='ocrx_word' id='word_1_80' title='bbox 950 1465 1029 1538; x_wconf 91' lang='lat' dir='ltr'><strong>alias</strong></span> <span class='ocrx_word' id='word_1_81' title='bbox 1047 1463 1217 1562; x_wconf 83' lang='lat' dir='ltr'><strong>Euerget</strong></span> <span class='ocrx_word' id='word_1_82' title='bbox 1242 1465 1339 1543; x_wconf 88' lang='lat' dir='ltr'><strong>Tan-</strong></span> 
     </span>
     <span class='ocr_line' id='line_1_12' title="bbox 183 1551 1337 1652; baseline 0.01 -28"><span class='ocrx_word' id='word_1_83' title='bbox 183 1551 268 1626; x_wconf 89' lang='lat' dir='ltr'><strong>dem</strong></span> <span class='ocrx_word' id='word_1_84' title='bbox 290 1557 489 1650; x_wconf 87' lang='lat' dir='ltr'><strong>catalogum</strong></span> <span class='ocrx_word' id='word_1_85' title='bbox 518 1579 643 1632; x_wconf 90' lang='lat' dir='ltr'><strong>eorum</strong></span> <span class='ocrx_word' id='word_1_86' title='bbox 666 1574 763 1633; x_wconf 88' lang='lat' dir='ltr'><strong>texat</strong></span> <span class='ocrx_word' id='word_1_87' title='bbox 782 1559 949 1652; x_wconf 88' lang='lat' dir='ltr'><strong>Casparus</strong></span> <span class='ocrx_word' id='word_1_88' title='bbox 968 1561 1081 1650; x_wconf 88' lang='lat' dir='ltr'><strong>Abel,</strong></span> <span class='ocrx_word' id='word_1_89' title='bbox 1117 1563 1170 1636; x_wconf 89' lang='lat' dir='ltr'><strong>vir</strong></span> <span class='ocrx_word' id='word_1_90' title='bbox 1190 1563 1337 1640; x_wconf 88' lang='lat' dir='ltr'><strong>minime</strong></span> 
     </span>
     <span class='ocr_line' id='line_1_13' title="bbox 183 1647 1337 1743; baseline 0.012 -20"><span class='ocrx_word' id='word_1_91' title='bbox 183 1647 433 1743; x_wconf 89' lang='lat' dir='ltr'><strong>spernendus,</strong></span> <span class='ocrx_word' id='word_1_92' title='bbox 465 1653 501 1726; x_wconf 91' lang='lat' dir='ltr'><strong>in</strong></span> <span class='ocrx_word' id='word_1_93' title='bbox 530 1653 671 1728; x_wconf 86' lang='lat' dir='ltr'><strong>historie</strong></span> <span class='ocrx_word' id='word_1_94' title='bbox 697 1657 884 1730; x_wconf 87' lang='lat' dir='ltr'><strong>Monarch.</strong></span> <span class='ocrx_word' id='word_1_95' title='bbox 907 1659 931 1731; x_wconf 92' lang='lat' dir='ltr'><strong>l.</strong></span> <span class='ocrx_word' id='word_1_96' title='bbox 957 1679 987 1732; x_wconf 89' lang='lat'><strong>1.</strong></span> <span class='ocrx_word' id='word_1_97' title='bbox 1019 1679 1051 1731; x_wconf 88' lang='lat' dir='ltr'><strong>e.</strong></span> <span class='ocrx_word' id='word_1_98' title='bbox 1078 1679 1108 1732; x_wconf 85' lang='lat' dir='ltr'><strong>r.</strong></span> <span class='ocrx_word' id='word_1_99' title='bbox 1144 1658 1337 1737; x_wconf 84' lang='lat' dir='ltr'><strong>secundum</strong></span> 
     </span>
     <span class='ocr_line' id='line_1_14' title="bbox 183 1747 1333 1849; baseline 0.01 -30"><span class='ocrx_word' id='word_1_100' title='bbox 183 1767 292 1838; x_wconf 86' lang='lat' dir='ltr'><strong>quem</strong></span> <span class='ocrx_word' id='word_1_101' title='bbox 309 1749 344 1822; x_wconf 94' lang='lat' dir='ltr'><strong>hi</strong></span> <span class='ocrx_word' id='word_1_102' title='bbox 359 1747 556 1832; x_wconf 80' lang='lat' dir='ltr'><strong>in-scenam</strong></span> <span class='ocrx_word' id='word_1_103' title='bbox 574 1753 772 1844; x_wconf 90' lang='lat' dir='ltr'><strong>prodeunt,</strong></span> <span class='ocrx_word' id='word_1_104' title='bbox 801 1754 890 1828; x_wconf 90' lang='lat' dir='ltr'><strong>Ptol.</strong></span> <span class='ocrx_word' id='word_1_105' title='bbox 906 1753 1015 1849; x_wconf 86' lang='lat' dir='ltr'><strong>Lagi,</strong></span> <span class='ocrx_word' id='word_1_106' title='bbox 1040 1757 1177 1830; x_wconf 90' lang='lat' dir='ltr'><strong>Seleuc.</strong></span> <span class='ocrx_word' id='word_1_107' title='bbox 1188 1757 1333 1848; x_wconf 76' lang='lat' dir='ltr'><strong>Nicen,</strong></span> 
     </span>
    </p>

    <p class='ocr_par' dir='ltr' id='par_1_6' title="bbox 104 1844 1333 2134">
     <span class='ocr_line' id='line_1_15' title="bbox 104 1844 1333 1950; baseline 0.01 -33"><span class='ocrx_word' id='word_1_108' title='bbox 104 1847 107 1852; x_wconf 83' lang='grc'>’</span> <span class='ocrx_word' id='word_1_109' title='bbox 185 1844 335 1919; x_wconf 88' lang='lat' dir='ltr'><strong>Ptolem.</strong></span> <span class='ocrx_word' id='word_1_110' title='bbox 353 1845 506 1936; x_wconf 82' lang='lat' dir='ltr'><strong>Philad,</strong></span> <span class='ocrx_word' id='word_1_111' title='bbox 532 1847 705 1924; x_wconf 87' lang='lat' dir='ltr'><strong>Antioch.</strong></span> <span class='ocrx_word' id='word_1_112' title='bbox 721 1849 864 1937; x_wconf 88' lang='lat' dir='ltr'><strong>Theus,</strong></span> <span class='ocrx_word' id='word_1_113' title='bbox 894 1851 1041 1929; x_wconf 85' lang='lat' dir='ltr'><strong>Ptolem.</strong></span> <span class='ocrx_word' id='word_1_114' title='bbox 1062 1851 1256 1950; x_wconf 80' lang='lat' dir='ltr'><strong>Euerget,</strong></span> <span class='ocrx_word' id='word_1_115' title='bbox 1273 1856 1333 1928; x_wconf 86' lang='lat' dir='ltr'><strong>Se&#39;·</strong></span> 
     </span>
     <span class='ocr_line' id='line_1_16' title="bbox 184 1939 1327 2040; baseline 0.016 -28"><span class='ocrx_word' id='word_1_116' title='bbox 184 1941 278 2016; x_wconf 91' lang='lat' dir='ltr'><strong>leuc.</strong></span> <span class='ocrx_word' id='word_1_117' title='bbox 307 1939 487 2032; x_wconf 87' lang='lat' dir='ltr'><strong>Callinic.,</strong></span> <span class='ocrx_word' id='word_1_118' title='bbox 523 1945 690 2020; x_wconf 79' lang='lat' dir='ltr'><strong>Antioch.</strong></span> <span class='ocrx_word' id='word_1_119' title='bbox 714 1949 791 2035; x_wconf 72' lang='lat' dir='ltr'><strong>hh,</strong></span> <span class='ocrx_word' id='word_1_120' title='bbox 824 1947 915 2022; x_wconf 90' lang='lat' dir='ltr'><strong>Ptol.</strong></span> <span class='ocrx_word' id='word_1_121' title='bbox 943 1949 1142 2040; x_wconf 85' lang='lat' dir='ltr'><strong>Philopat.,</strong></span> <span class='ocrx_word' id='word_1_122' title='bbox 1176 1952 1327 2032; x_wconf 90' lang='lat' dir='ltr'><strong>Ptolem.</strong></span> 
     </span>
     <span class='ocr_line' id='line_1_17' title="bbox 181 2035 1100 2134; baseline 0.008 -22"><span class='ocrx_word' id='word_1_123' title='bbox 181 2035 383 2134; x_wconf 87' lang='lat' dir='ltr'><strong>Epiphan,</strong></span> <span class='ocrx_word' id='word_1_124' title='bbox 407 2041 572 2114; x_wconf 88' lang='lat' dir='ltr'><strong>Seleucus</strong></span> <span class='ocrx_word' id='word_1_125' title='bbox 595 2043 748 2118; x_wconf 85' lang='lat' dir='ltr'><strong>Ceraun.</strong></span> <span class='ocrx_word' id='word_1_126' title='bbox 1097 2109 1100 2119; x_wconf 91' lang='lat'>.</span> 
     </span>
    </p>

    <p class='ocr_par' dir='ltr' id='par_1_7' title="bbox 94 2135 1410 3304">
     <span class='ocr_line' id='line_1_18' title="bbox 94 2135 1328 2237; baseline 0.008 -26"><span class='ocrx_word' id='word_1_127' title='bbox 94 2192 101 2211; x_wconf 74' lang='grc'>.</span> <span class='ocrx_word' id='word_1_128' title='bbox 231 2140 263 2226; x_wconf 87' lang='lat'><strong>§.</strong></span> <span class='ocrx_word' id='word_1_129' title='bbox 291 2135 416 2209; x_wconf 89' lang='lat' dir='ltr'><strong>XXlX.</strong></span> <span class='ocrx_word' id='word_1_130' title='bbox 449 2139 507 2212; x_wconf 86' lang='lat' dir='ltr'><strong>Ad</strong></span> <span class='ocrx_word' id='word_1_131' title='bbox 525 2139 615 2212; x_wconf 89' lang='lat' dir='ltr'><strong>hanc</strong></span> <span class='ocrx_word' id='word_1_132' title='bbox 632 2141 724 2214; x_wconf 90' lang='lat' dir='ltr'><strong>haud</strong></span> <span class='ocrx_word' id='word_1_133' title='bbox 739 2141 866 2216; x_wconf 89' lang='lat' dir='ltr'><strong>leviter</strong></span> <span class='ocrx_word' id='word_1_134' title='bbox 880 2143 1138 2237; x_wconf 86' lang='lat' dir='ltr'><strong>discrepantem</strong></span> <span class='ocrx_word' id='word_1_135' title='bbox 1154 2148 1328 2221; x_wconf 87' lang='lat' dir='ltr'><strong>recensio-</strong></span> 
     </span>
     <span class='ocr_line' id='line_1_19' title="bbox 180 2234 1327 2334; baseline 0.01 -26"><span class='ocrx_word' id='word_1_136' title='bbox 180 2253 266 2308; x_wconf 87' lang='lat' dir='ltr'><strong>nem</strong></span> <span class='ocrx_word' id='word_1_137' title='bbox 282 2234 399 2308; x_wconf 88' lang='lat' dir='ltr'><strong>notari</strong></span> <span class='ocrx_word' id='word_1_138' title='bbox 414 2236 532 2309; x_wconf 91' lang='lat' dir='ltr'><strong>velim.</strong></span> <span class='ocrx_word' id='word_1_139' title='bbox 570 2257 600 2307; x_wconf 93' lang='lat'><strong>1.</strong></span> <span class='ocrx_word' id='word_1_140' title='bbox 628 2259 728 2333; x_wconf 87' lang='lat' dir='ltr'><strong>reges</strong></span> <span class='ocrx_word' id='word_1_141' title='bbox 746 2239 875 2325; x_wconf 87' lang='lat' dir='ltr'><strong>hosce,</strong></span> <span class='ocrx_word' id='word_1_142' title='bbox 901 2239 1081 2313; x_wconf 82' lang='lat' dir='ltr'><strong>fratribus</strong></span> <span class='ocrx_word' id='word_1_143' title='bbox 1102 2243 1160 2312; x_wconf 89' lang='lat' dir='ltr'><strong>vel</strong></span> <span class='ocrx_word' id='word_1_144' title='bbox 1174 2260 1327 2334; x_wconf 88' lang='lat' dir='ltr'><strong>quatuor</strong></span> 
     </span>
     <span class='ocr_line' id='line_1_20' title="bbox 177 2329 1327 2428; baseline 0.006 -25"><span class='ocrx_word' id='word_1_145' title='bbox 177 2329 389 2419; x_wconf 83' lang='lat' dir='ltr'><strong>discelleris‚</strong></span> <span class='ocrx_word' id='word_1_146' title='bbox 416 2352 488 2412; x_wconf 88' lang='lat' dir='ltr'><strong>non</strong></span> <span class='ocrx_word' id='word_1_147' title='bbox 507 2347 644 2405; x_wconf 87' lang='lat' dir='ltr'><strong>tantum</strong></span> <span class='ocrx_word' id='word_1_148' title='bbox 659 2333 746 2405; x_wconf 89' lang='lat' dir='ltr'><strong>nihil</strong></span> <span class='ocrx_word' id='word_1_149' title='bbox 761 2333 973 2425; x_wconf 80' lang='lat' dir='ltr'><strong>praestititle,</strong></span> <span class='ocrx_word' id='word_1_150' title='bbox 1000 2358 1071 2426; x_wconf 91' lang='lat' dir='ltr'><strong>quo</strong></span> <span class='ocrx_word' id='word_1_151' title='bbox 1083 2358 1236 2408; x_wconf 83' lang='lat' dir='ltr'><strong>cornuum</strong></span> <span class='ocrx_word' id='word_1_152' title='bbox 1252 2338 1327 2428; x_wconf 86' lang='lat' dir='ltr'><strong>spe·</strong></span> 
     </span>
     <span class='ocr_line' id='line_1_21' title="bbox 176 2427 1325 2528; baseline 0.003 -27"><span class='ocrx_word' id='word_1_153' title='bbox 176 2429 274 2502; x_wconf 89' lang='lat' dir='ltr'><strong>ciem</strong></span> <span class='ocrx_word' id='word_1_154' title='bbox 290 2429 475 2521; x_wconf 82' lang='lat' dir='ltr'><strong>praetulille</strong></span> <span class='ocrx_word' id='word_1_155' title='bbox 492 2427 629 2501; x_wconf 84' lang='lat' dir='ltr'><strong>censeri</strong></span> <span class='ocrx_word' id='word_1_156' title='bbox 645 2446 796 2520; x_wconf 84' lang='lat' dir='ltr'><strong>queant,</strong></span> <span class='ocrx_word' id='word_1_157' title='bbox 822 2427 881 2500; x_wconf 85' lang='lat' dir='ltr'><strong>sed</strong></span> <span class='ocrx_word' id='word_1_158' title='bbox 898 2432 1186 2528; x_wconf 87' lang='lat' dir='ltr'><strong>contraignavos</strong></span> <span class='ocrx_word' id='word_1_159' title='bbox 1201 2433 1325 2522; x_wconf 82' lang='lat' dir='ltr'><strong>fuille,</strong></span> 
     </span>
     <span class='ocr_line' id='line_1_22' title="bbox 174 2524 1325 2622; baseline 0.003 -22"><span class='ocrx_word' id='word_1_160' title='bbox 174 2527 240 2618; x_wconf 88' lang='lat' dir='ltr'><strong>qul</strong></span> <span class='ocrx_word' id='word_1_161' title='bbox 255 2546 401 2622; x_wconf 89' lang='lat' dir='ltr'><strong>regnum</strong></span> <span class='ocrx_word' id='word_1_162' title='bbox 424 2527 485 2600; x_wconf 83' lang='lat' dir='ltr'><strong>vix</strong></span> <span class='ocrx_word' id='word_1_163' title='bbox 506 2526 588 2598; x_wconf 89' lang='lat' dir='ltr'><strong>tuiti</strong></span> <span class='ocrx_word' id='word_1_164' title='bbox 609 2524 701 2600; x_wconf 86' lang='lat' dir='ltr'><strong>sunt.</strong></span> <span class='ocrx_word' id='word_1_165' title='bbox 750 2524 915 2616; x_wconf 79' lang='lat' dir='ltr'><strong>Cupitum</strong></span> <span class='ocrx_word' id='word_1_166' title='bbox 933 2527 1054 2616; x_wconf 84' lang='lat' dir='ltr'><strong>utique</strong></span> <span class='ocrx_word' id='word_1_167' title='bbox 1078 2527 1184 2620; x_wconf 89' lang='lat' dir='ltr'><strong>longe</strong></span> <span class='ocrx_word' id='word_1_168' title='bbox 1209 2529 1325 2622; x_wconf 85' lang='lat' dir='ltr'><strong>aptius</strong></span> 
     </span>
     <span class='ocr_line' id='line_1_23' title="bbox 174 2619 1325 2718; baseline 0.003 -22"><span class='ocrx_word' id='word_1_169' title='bbox 174 2645 281 2718; x_wconf 90' lang='lat' dir='ltr'><strong>quam</strong></span> <span class='ocrx_word' id='word_1_170' title='bbox 295 2643 470 2698; x_wconf 90' lang='lat' dir='ltr'><strong>cornuum</strong></span> <span class='ocrx_word' id='word_1_171' title='bbox 486 2622 660 2696; x_wconf 84' lang='lat' dir='ltr'><strong>emblema</strong></span> <span class='ocrx_word' id='word_1_172' title='bbox 682 2619 761 2716; x_wconf 88' lang='lat' dir='ltr'><strong>iplls</strong></span> <span class='ocrx_word' id='word_1_173' title='bbox 785 2621 971 2713; x_wconf 90' lang='lat' dir='ltr'><strong>competit.</strong></span> <span class='ocrx_word' id='word_1_174' title='bbox 1023 2641 1056 2698; x_wconf 83' lang='lat'><strong>2.</strong></span> <span class='ocrx_word' id='word_1_175' title='bbox 1080 2620 1224 2698; x_wconf 89' lang='lat' dir='ltr'><strong>Nullam</strong></span> <span class='ocrx_word' id='word_1_176' title='bbox 1250 2625 1325 2700; x_wconf 88' lang='lat' dir='ltr'><strong>dari</strong></span> 
     </span>
     <span class='ocr_line' id='line_1_24' title="bbox 171 2719 1410 2824; baseline 0.001 -29"><span class='ocrx_word' id='word_1_177' title='bbox 171 2719 270 2814; x_wconf 85' lang='lat' dir='ltr'><strong>polle</strong></span> <span class='ocrx_word' id='word_1_178' title='bbox 287 2720 479 2809; x_wconf 88' lang='lat' dir='ltr'><strong>rationem,</strong></span> <span class='ocrx_word' id='word_1_179' title='bbox 506 2741 574 2794; x_wconf 90' lang='lat' dir='ltr'><strong>nec</strong></span> <span class='ocrx_word' id='word_1_180' title='bbox 589 2741 695 2812; x_wconf 84' lang='lat' dir='ltr'><strong>quare</strong></span> <span class='ocrx_word' id='word_1_181' title='bbox 716 2719 802 2794; x_wconf 88' lang='lat' dir='ltr'><strong>allus</strong></span> <span class='ocrx_word' id='word_1_182' title='bbox 822 2719 998 2816; x_wconf 84' lang='lat' dir='ltr'><strong>catalogus</strong></span> <span class='ocrx_word' id='word_1_183' title='bbox 1013 2721 1083 2794; x_wconf 89' lang='lat' dir='ltr'><strong>alio</strong></span> <span class='ocrx_word' id='word_1_184' title='bbox 1102 2719 1140 2794; x_wconf 76' lang='lat' dir='ltr'><strong>lit</strong></span> <span class='ocrx_word' id='word_1_185' title='bbox 1163 2722 1322 2824; x_wconf 70' lang='lat' dir='ltr'><strong>rethor,</strong></span> <span class='ocrx_word' id='word_1_186' title='bbox 1403 2751 1410 2764; x_wconf 93' lang='lat'><strong>·</strong></span> 
     </span>
     <span class='ocr_line' id='line_1_25' title="bbox 171 2817 1323 2914; baseline 0.003 -22"><span class='ocrx_word' id='word_1_187' title='bbox 171 2819 208 2892; x_wconf 82' lang='lat' dir='ltr'><strong>dt</strong></span> <span class='ocrx_word' id='word_1_188' title='bbox 228 2817 313 2891; x_wconf 89' lang='lat' dir='ltr'><strong>alius</strong></span> <span class='ocrx_word' id='word_1_189' title='bbox 336 2839 409 2910; x_wconf 86' lang='lat' dir='ltr'><strong>prae</strong></span> <span class='ocrx_word' id='word_1_190' title='bbox 423 2817 493 2892; x_wconf 88' lang='lat' dir='ltr'><strong>alio</strong></span> <span class='ocrx_word' id='word_1_191' title='bbox 507 2817 548 2890; x_wconf 90' lang='lat' dir='ltr'><strong>srt</strong></span> <span class='ocrx_word' id='word_1_192' title='bbox 564 2817 766 2914; x_wconf 87' lang='lat' dir='ltr'><strong>eligendus,</strong></span> <span class='ocrx_word' id='word_1_193' title='bbox 791 2838 858 2890; x_wconf 90' lang='lat' dir='ltr'><strong>nec</strong></span> <span class='ocrx_word' id='word_1_194' title='bbox 875 2839 981 2910; x_wconf 88' lang='lat' dir='ltr'><strong>quare</strong></span> <span class='ocrx_word' id='word_1_195' title='bbox 995 2818 1037 2890; x_wconf 90' lang='lat' dir='ltr'><strong>hi</strong></span> <span class='ocrx_word' id='word_1_196' title='bbox 1054 2819 1177 2894; x_wconf 87' lang='lat' dir='ltr'><strong>&amp;non</strong></span> <span class='ocrx_word' id='word_1_197' title='bbox 1192 2821 1250 2894; x_wconf 93' lang='lat' dir='ltr'><strong>alii</strong></span> <span class='ocrx_word' id='word_1_198' title='bbox 1266 2841 1323 2894; x_wconf 86' lang='lat' dir='ltr'><strong>re·</strong></span> 
     </span>
     <span class='ocr_line' id='line_1_26' title="bbox 170 2915 1321 3013; baseline 0.006 -26"><span class='ocrx_word' id='word_1_199' title='bbox 170 2936 234 3012; x_wconf 88' lang='lat' dir='ltr'><strong>ges</strong></span> <span class='ocrx_word' id='word_1_200' title='bbox 258 2915 378 2989; x_wconf 89' lang='lat' dir='ltr'><strong>locum</strong></span> <span class='ocrx_word' id='word_1_201' title='bbox 400 2916 492 2990; x_wconf 91' lang='lat' dir='ltr'><strong>inter</strong></span> <span class='ocrx_word' id='word_1_202' title='bbox 514 2936 647 2990; x_wconf 89' lang='lat' dir='ltr'><strong>cornua</strong></span> <span class='ocrx_word' id='word_1_203' title='bbox 667 2915 888 3007; x_wconf 87' lang='lat' dir='ltr'><strong>receperint,</strong></span> <span class='ocrx_word' id='word_1_204' title='bbox 921 2915 1036 2989; x_wconf 90' lang='lat' dir='ltr'><strong>multo</strong></span> <span class='ocrx_word' id='word_1_205' title='bbox 1057 2920 1199 3007; x_wconf 76' lang='lat' dir='ltr'><strong>minus,</strong></span> <span class='ocrx_word' id='word_1_206' title='bbox 1234 2919 1321 3013; x_wconf 92' lang='lat' dir='ltr'><strong>quid</strong></span> 
     </span>
     <span class='ocr_line' id='line_1_27' title="bbox 166 3011 1328 3112; baseline 0.004 -25"><span class='ocrx_word' id='word_1_207' title='bbox 166 3011 339 3106; x_wconf 89' lang='lat' dir='ltr'><strong>Spiritum</strong></span> <span class='ocrx_word' id='word_1_208' title='bbox 352 3012 597 3108; x_wconf 86' lang='lat' dir='ltr'><strong>propheticum</strong></span> <span class='ocrx_word' id='word_1_209' title='bbox 612 3013 655 3086; x_wconf 87' lang='lat' dir='ltr'><strong>ad</strong></span> <span class='ocrx_word' id='word_1_210' title='bbox 670 3013 794 3086; x_wconf 89' lang='lat' dir='ltr'><strong>decem</strong></span> <span class='ocrx_word' id='word_1_211' title='bbox 817 3012 882 3086; x_wconf 87' lang='lat' dir='ltr'><strong>hos</strong></span> <span class='ocrx_word' id='word_1_212' title='bbox 899 3031 1000 3108; x_wconf 88' lang='lat' dir='ltr'><strong>reges</strong></span> <span class='ocrx_word' id='word_1_213' title='bbox 1021 3013 1084 3088; x_wconf 90' lang='lat' dir='ltr'><strong>hae</strong></span> <span class='ocrx_word' id='word_1_214' title='bbox 1100 3015 1250 3112; x_wconf 84' lang='lat' dir='ltr'><strong>imagine</strong></span> <span class='ocrx_word' id='word_1_215' title='bbox 1267 3019 1328 3112; x_wconf 29' lang='lat' dir='ltr'><strong>ob,</strong></span> 
     </span>
     <span class='ocr_line' id='line_1_28' title="bbox 167 3110 1318 3207; baseline 0.004 -23"><span class='ocrx_word' id='word_1_216' title='bbox 167 3110 294 3185; x_wconf 88' lang='lat' dir='ltr'><strong>oculos</strong></span> <span class='ocrx_word' id='word_1_217' title='bbox 316 3111 522 3204; x_wconf 91' lang='lat' dir='ltr'><strong>ponendum</strong></span> <span class='ocrx_word' id='word_1_218' title='bbox 547 3114 711 3186; x_wconf 89' lang='lat' dir='ltr'><strong>moverit.</strong></span> <span class='ocrx_word' id='word_1_219' title='bbox 737 3177 741 3184; x_wconf 89' lang='grc'><em>,</em></span> <span class='ocrx_word' id='word_1_220' title='bbox 762 3111 851 3183; x_wconf 78' lang='lat' dir='ltr'><strong>Duae</strong></span> <span class='ocrx_word' id='word_1_221' title='bbox 867 3111 1010 3200; x_wconf 89' lang='lat' dir='ltr'><strong>quidem</strong></span> <span class='ocrx_word' id='word_1_222' title='bbox 1030 3114 1184 3188; x_wconf 91' lang='lat' dir='ltr'><strong>rationes</strong></span> <span class='ocrx_word' id='word_1_223' title='bbox 1201 3115 1318 3207; x_wconf 88' lang='lat' dir='ltr'><strong>aliqua</strong></span> 
     </span>
     <span class='ocr_line' id='line_1_29' title="bbox 167 3207 1317 3304; baseline 0.003 -22"><span class='ocrx_word' id='word_1_224' title='bbox 167 3227 251 3284; x_wconf 85' lang='lat' dir='ltr'><strong>cum</strong></span> <span class='ocrx_word' id='word_1_225' title='bbox 272 3207 388 3304; x_wconf 84' lang='lat' dir='ltr'><strong>l&#39;pecle</strong></span> <span class='ocrx_word' id='word_1_226' title='bbox 409 3209 562 3302; x_wconf 85' lang='lat' dir='ltr'><strong>proferri</strong></span> <span class='ocrx_word' id='word_1_227' title='bbox 586 3208 718 3303; x_wconf 81' lang='lat' dir='ltr'><strong>solent,</strong></span> <span class='ocrx_word' id='word_1_228' title='bbox 744 3207 853 3279; x_wconf 89' lang='lat' dir='ltr'><strong>altera</strong></span> <span class='ocrx_word' id='word_1_229' title='bbox 876 3209 912 3278; x_wconf 94' lang='lat' dir='ltr'><strong>in</strong></span> <span class='ocrx_word' id='word_1_230' title='bbox 939 3208 1112 3281; x_wconf 87' lang='lat' dir='ltr'><strong>relatione</strong></span> <span class='ocrx_word' id='word_1_231' title='bbox 1129 3231 1254 3284; x_wconf 90' lang='lat' dir='ltr'><strong>eorum</strong></span> <span class='ocrx_word' id='word_1_232' title='bbox 1271 3211 1317 3285; x_wconf 89' lang='lat' dir='ltr'><strong>ad</strong></span> 
     </span>
    </p>

    <p class='ocr_par' dir='ltr' id='par_1_8' title="bbox 117 3301 1346 4060">
     <span class='ocr_line' id='line_1_30' title="bbox 117 3301 1316 3400; baseline 0.002 -21"><span class='ocrx_word' id='word_1_233' title='bbox 117 3325 119 3330; x_wconf 80' lang='grc'><strong>’</strong></span> <span class='ocrx_word' id='word_1_234' title='bbox 167 3306 342 3399; x_wconf 88' lang='lat' dir='ltr'><strong>populum</strong></span> <span class='ocrx_word' id='word_1_235' title='bbox 357 3305 539 3400; x_wconf 86' lang='lat' dir='ltr'><strong>Judaeum,</strong></span> <span class='ocrx_word' id='word_1_236' title='bbox 553 3305 662 3378; x_wconf 85' lang='lat' dir='ltr'><strong>altera</strong></span> <span class='ocrx_word' id='word_1_237' title='bbox 681 3303 718 3376; x_wconf 90' lang='lat' dir='ltr'><strong>in</strong></span> <span class='ocrx_word' id='word_1_238' title='bbox 734 3301 829 3375; x_wconf 89' lang='lat' dir='ltr'><strong>nuda</strong></span> <span class='ocrx_word' id='word_1_239' title='bbox 844 3305 1030 3394; x_wconf 90' lang='lat' dir='ltr'><strong>prophetia</strong></span> <span class='ocrx_word' id='word_1_240' title='bbox 1045 3325 1121 3397; x_wconf 88' lang='lat' dir='ltr'><strong>cap.</strong></span> <span class='ocrx_word' id='word_1_241' title='bbox 1137 3329 1208 3390; x_wconf 81' lang='lat' dir='ltr'><strong>xn,</strong></span> <span class='ocrx_word' id='word_1_242' title='bbox 1237 3330 1316 3398; x_wconf 82' lang='lat' dir='ltr'><strong>quae</strong></span> 
     </span>
     <span class='ocr_line' id='line_1_31' title="bbox 166 3399 1313 3498; baseline 0.003 -22"><span class='ocrx_word' id='word_1_243' title='bbox 166 3403 425 3478; x_wconf 89' lang='lat' dir='ltr'><strong>nonnullorum</strong></span> <span class='ocrx_word' id='word_1_244' title='bbox 437 3403 546 3498; x_wconf 81' lang='lat' dir='ltr'><strong>Syriae</strong></span> <span class='ocrx_word' id='word_1_245' title='bbox 561 3403 594 3474; x_wconf 80' lang='lat' dir='ltr'><strong>St</strong></span> <span class='ocrx_word' id='word_1_246' title='bbox 609 3399 754 3496; x_wconf 84' lang='lat' dir='ltr'><strong>AEgypti</strong></span> <span class='ocrx_word' id='word_1_247' title='bbox 769 3419 890 3493; x_wconf 89' lang='lat' dir='ltr'><strong>regum</strong></span> <span class='ocrx_word' id='word_1_248' title='bbox 906 3399 1089 3487; x_wconf 90' lang='lat' dir='ltr'><strong>meminit,</strong></span> <span class='ocrx_word' id='word_1_249' title='bbox 1104 3403 1313 3496; x_wconf 74' lang='lat' dir='ltr'><strong>querenda:</strong></span> 
     </span>
     <span class='ocr_line' id='line_1_32' title="bbox 166 3493 1313 3594; baseline 0 -22"><span class='ocrx_word' id='word_1_250' title='bbox 166 3497 227 3573; x_wconf 90' lang='lat' dir='ltr'><strong>sed</strong></span> <span class='ocrx_word' id='word_1_251' title='bbox 240 3521 387 3594; x_wconf 87' lang='lat' dir='ltr'><strong>quarum</strong></span> <span class='ocrx_word' id='word_1_252' title='bbox 411 3517 537 3576; x_wconf 88' lang='lat' dir='ltr'><strong>neutra</strong></span> <span class='ocrx_word' id='word_1_253' title='bbox 553 3495 690 3574; x_wconf 83' lang='lat' dir='ltr'><strong>sufficit.</strong></span> <span class='ocrx_word' id='word_1_254' title='bbox 739 3496 861 3584; x_wconf 87' lang='lat' dir='ltr'><strong>Prior,</strong></span> <span class='ocrx_word' id='word_1_255' title='bbox 885 3516 961 3587; x_wconf 90' lang='lat' dir='ltr'><strong>quae</strong></span> <span class='ocrx_word' id='word_1_256' title='bbox 976 3493 1091 3587; x_wconf 87' lang='lat' dir='ltr'><strong>paffim</strong></span> <span class='ocrx_word' id='word_1_257' title='bbox 1107 3498 1178 3571; x_wconf 89' lang='lat' dir='ltr'><strong>dari</strong></span> <span class='ocrx_word' id='word_1_258' title='bbox 1196 3499 1313 3591; x_wconf 87' lang='lat' dir='ltr'><strong>lolet,</strong></span> 
     </span>
     <span class='ocr_line' id='line_1_33' title="bbox 164 3593 1331 3688; baseline -0.002 -18"><span class='ocrx_word' id='word_1_259' title='bbox 164 3617 214 3670; x_wconf 91' lang='lat' dir='ltr'><strong>eo</strong></span> <span class='ocrx_word' id='word_1_260' title='bbox 228 3612 367 3674; x_wconf 90' lang='lat' dir='ltr'><strong>tantum</strong></span> <span class='ocrx_word' id='word_1_261' title='bbox 382 3600 506 3673; x_wconf 88' lang='lat' dir='ltr'><strong>nititur</strong></span> <span class='ocrx_word' id='word_1_262' title='bbox 520 3597 773 3681; x_wconf 86' lang='lat' dir='ltr'><strong>fundamento,</strong></span> <span class='ocrx_word' id='word_1_263' title='bbox 787 3593 873 3666; x_wconf 86' lang='lat' dir='ltr'><strong>alios</strong></span> <span class='ocrx_word' id='word_1_264' title='bbox 889 3593 1096 3688; x_wconf 89' lang='lat' dir='ltr'><strong>Lagidarum</strong></span> <span class='ocrx_word' id='word_1_265' title='bbox 1113 3595 1146 3666; x_wconf 79' lang='grc' dir='ltr'><strong>δι</strong></span> <span class='ocrx_word' id='word_1_266' title='bbox 1162 3595 1331 3670; x_wconf 47' lang='lat' dir='ltr'><strong>Seleuci-2·</strong></span> 
     </span>
     <span class='ocr_line' id='line_1_34' title="bbox 164 3689 1311 3790; baseline -0.008 -22"><span class='ocrx_word' id='word_1_267' title='bbox 164 3693 291 3769; x_wconf 86' lang='lat' dir='ltr'><strong>darum</strong></span> <span class='ocrx_word' id='word_1_268' title='bbox 312 3697 388 3770; x_wconf 89' lang='lat' dir='ltr'><strong>aliis</strong></span> <span class='ocrx_word' id='word_1_269' title='bbox 409 3695 512 3768; x_wconf 80' lang='lat' dir='ltr'><strong>fuille</strong></span> <span class='ocrx_word' id='word_1_270' title='bbox 537 3695 714 3790; x_wconf 89' lang='lat' dir='ltr'><strong>graviores</strong></span> <span class='ocrx_word' id='word_1_271' title='bbox 737 3690 939 3784; x_wconf 87' lang='lat' dir='ltr'><strong>Judaeorum</strong></span> <span class='ocrx_word' id='word_1_272' title='bbox 962 3689 1078 3764; x_wconf 89' lang='lat' dir='ltr'><strong>hostes</strong></span> <span class='ocrx_word' id='word_1_273' title='bbox 1098 3693 1131 3766; x_wconf 75' lang='grc' dir='ltr'><strong>δι</strong></span> <span class='ocrx_word' id='word_1_274' title='bbox 1151 3693 1311 3784; x_wconf 79' lang='lat' dir='ltr'><strong>persecu.</strong></span> 
     </span>
     <span class='ocr_line' id='line_1_35' title="bbox 166 3787 1320 3886; baseline 0.001 -20"><span class='ocrx_word' id='word_1_275' title='bbox 166 3807 286 3879; x_wconf 91' lang='lat' dir='ltr'><strong>tores,</strong></span> <span class='ocrx_word' id='word_1_276' title='bbox 312 3815 466 3885; x_wconf 89' lang='lat' dir='ltr'><strong>quorum</strong></span> <span class='ocrx_word' id='word_1_277' title='bbox 496 3792 690 3886; x_wconf 84' lang='lat' dir='ltr'><strong>praecipuus</strong></span> <span class='ocrx_word' id='word_1_278' title='bbox 711 3787 889 3862; x_wconf 76' lang='lat' dir='ltr'><strong>character</strong></span> <span class='ocrx_word' id='word_1_279' title='bbox 908 3787 976 3864; x_wconf 92' lang='lat' dir='ltr'><strong>suit</strong></span> <span class='ocrx_word' id='word_1_280' title='bbox 993 3791 1030 3862; x_wconf 92' lang='lat' dir='ltr'><strong>in</strong></span> <span class='ocrx_word' id='word_1_281' title='bbox 1045 3791 1215 3886; x_wconf 90' lang='lat' dir='ltr'><strong>populum</strong></span> <span class='ocrx_word' id='word_1_282' title='bbox 1236 3791 1320 3881; x_wconf 79' lang='lat' dir='ltr'><strong>Dei</strong></span> 
     </span>
     <span class='ocr_line' id='line_1_36' title="bbox 166 3885 1312 4060; baseline 0 -96"><span class='ocrx_word' id='word_1_283' title='bbox 166 3891 332 3968; x_wconf 86' lang='lat' dir='ltr'><strong>arietare.</strong></span> <span class='ocrx_word' id='word_1_284' title='bbox 364 3890 433 3967; x_wconf 91' lang='lat' dir='ltr'><strong>Sed</strong></span> <span class='ocrx_word' id='word_1_285' title='bbox 440 3890 523 3967; x_wconf 73' lang='lat' dir='ltr'><strong>¹haee</strong></span> <span class='ocrx_word' id='word_1_286' title='bbox 537 3890 630 3965; x_wconf 85' lang='lat' dir='ltr'><strong>ratio</strong></span> <span class='ocrx_word' id='word_1_287' title='bbox 644 3890 680 3965; x_wconf 93' lang='lat' dir='ltr'><strong>in</strong></span> <span class='ocrx_word' id='word_1_288' title='bbox 696 3885 915 4060; x_wconf 48' lang='lat' dir='ltr'><strong>pffdffimoe</strong></span> <span class='ocrx_word' id='word_1_289' title='bbox 932 3901 1069 3966; x_wconf 70' lang='lat' dir='ltr'><strong>tannim</strong></span> <span class='ocrx_word' id='word_1_290' title='bbox 1083 3887 1247 3984; x_wconf 86' lang='lat' dir='ltr'><strong>quadrat,</strong></span> <span class='ocrx_word' id='word_1_291' title='bbox 1274 3891 1312 3964; x_wconf 89' lang='lat' dir='ltr'><strong>in</strong></span> 
     </span>
    </p>

    <p class='ocr_par' dir='ltr' id='par_1_9' title="bbox 237 4007 1417 4062">
     <span class='ocr_line' id='line_1_37' title="bbox 237 4007 1417 4062; baseline 0.005 -6"><span class='ocrx_word' id='word_1_292' title='bbox 237 4009 239 4014; x_wconf 66' lang='grc'><em>’</em></span> <span class='ocrx_word' id='word_1_293' title='bbox 776 4007 797 4060; x_wconf 89' lang='lat' dir='ltr'><strong>a</strong></span> <span class='ocrx_word' id='word_1_294' title='bbox 1252 4009 1314 4062; x_wconf 88' lang='lat' dir='ltr'><strong>ne·</strong></span> <span class='ocrx_word' id='word_1_295' title='bbox 1416 4035 1417 4040; x_wconf 21' lang='grc' dir='ltr'><strong><em>κ</em></strong></span> 
     </span>
    </p>
   </div>
   <div class='ocr_carea' id='block_1_3' title="bbox 34 618 40 661">
    <p class='ocr_par' dir='ltr' id='par_1_10' title="bbox 34 618 40 661">
     <span class='ocr_line' id='line_1_38' title="bbox 34 618 40 661; baseline 0 0"><span class='ocrx_word' id='word_1_296' title='bbox 34 618 40 661; x_wconf 90' lang='grc' dir='ltr'>Ι</span> 
     </span>
    </p>
   </div>
   <div class='ocr_carea' id='block_1_4' title="bbox 0 0 1752 4802">
    <p class='ocr_par' dir='ltr' id='par_1_11' title="bbox 0 0 1752 4802">
     <span class='ocr_line' id='line_1_39' title="bbox 0 0 1752 4802; baseline 0 1"><span class='ocrx_word' id='word_1_297' title='bbox 0 0 1752 4802; x_wconf 95' lang='lat' dir='ltr'><strong> </strong></span> 
     </span>
    </p>
   </div>
  </div>
 </body>
</html>
