3428 4742
312 4027 317 4035 .
341 3986 343 3992 ’
431 3999 501 4057 475.
620 3977 744 4059 japud
764 3977 870 4042 Athen.
893 3977 910 4035 l.
930 3993 956 4035 v.
977 3995 1005 4053 p·
1034 3990 1087 4047 195

415 444 500 538 gc
604 418 1431 519 COMMENTARIUS

430 609 537 700 lana,
562 611 731 686 salsorum
748 609 942 684 Nominum
960 608 1099 696 cultor,
1123 603 1233 678 averi
1250 605 1319 678 Dei
1329 601 1460 678 israelis
1474 608 1584 684 cultu

435 713 534 784 omni
556 725 653 804 parte
679 711 831 782 alienus:
865 721 1019 780 attamen
1047 711 1088 776 iis
1103 699 1172 800 sese
1198 728 1261 776 nan
1276 705 1477 798 adplicaret,
1502 723 1584 781 tan·

433 827 535 899 quarn
563 828 688 880 eorum
711 827 817 878 verus
844 803 964 876 fautor
989 805 1022 874 dt
1043 817 1232 895 patronus,
1257 803 1369 874 aciem
1387 803 1516 875 mentis
1536 803 1584 876 ad

432 925 494 976 eos
514 902 763 990 admovendo,
786 908 829 974 dc
849 923 919 992 quo
935 898 1035 974 verbi
1053 925 1117 998 pan
1132 894 1324 994 significatu
1341 899 1441 990 supra
1455 923 1472 962 a
1487 899 1581 990 dirri;

432 1017 605 1091 quatenus
632 1023 661 1075 1.
683 1021 807 1074 eorum
831 1000 1007 1071 rationem
1026 998 1063 1069 in
1086 997 1157 1069 vita
1171 995 1204 1066 dc
1218 997 1374 1070 moribus
1390 995 1580 1092 dirigendis

434 1097 576 1172 habebit
598 1097 748 1182 nullam,
781 1093 933 1169 actiones
957 1093 1105 1188 quippe,
1137 1113 1212 1165 non
1235 1093 1278 1165 ad
1296 1092 1493 1188 religionis,
1520 1095 1579 1168 led

432 1195 645 1288 beneplaciti
670 1215 830 1269 normam
851 1187 1135 1284 compositurum
1174 1190 1268 1264 utin
1293 1189 1467 1284 principio
1489 1189 1577 1268 vers.

432 1291 683 1385 precedentis,
709 1289 770 1364 scu
790 1289 943 1388 generali
964 1286 1229 1382 propositione,
1254 1287 1424 1374 habetur,
1450 1304 1480 1360 et
1503 1306 1579 1384 agr

422 1385 602 1484 secundum
623 1393 797 1462 arbitrium
819 1411 875 1459 reat
889 1383 966 1479 iflc:
994 1385 1123 1476 dequo
1142 1383 1342 1477 supradixi.
1392 1404 1424 1456 2.
1445 1383 1579 1462 Eorum

432 1487 563 1584 gratia,
595 1507 640 1560 ex
662 1486 778 1559 animo
799 1485 935 1560 cultum
955 1503 1080 1557 eorum
1105 1481 1340 1579 propagandi,
1372 1479 1578 1574 Judaeorum

431 1585 640 1680 religionem
662 1603 736 1658 non
759 1582 961 1669 invaderet,
995 1579 1030 1652 δι
1050 1577 1229 1653 destruere
1242 1593 1441 1654 conaretur.
1492 1581 1576 1680 Quo

432 1683 610 1774 propheta
639 1680 676 1755 in
704 1678 825 1774 primis
853 1680 921 1752 hoc
944 1673 1047 1749 versu
1071 1677 1207 1762 tendit,
1241 1695 1282 1750 ut
1306 1675 1415 1752 modo
1440 1681 1575 1753 notavi.

434 1776 561 1853 Voluit
588 1778 758 1871 quidem,
796 1791 836 1850 ut
856 1775 1063 1848 Graecorun
1087 1774 1130 1846 ad
1149 1773 1356 1870 religionem
1380 1787 1477 1848 totus
1500 1774 1576 1850 suus

432 1875 527 1948 orbis
548 1872 619 1946 sese
644 1872 747 1946 unice
770 1871 1016 1946 conformaret
1042 1887 1079 1958 a,
1114 1871 1295 1948 simulacro
1317 1892 1459 1967 quoque
1479 1870 1576 1965 Jovis
1682 1925 1685 1928 -

432 1969 591 2063 Olympii
612 1970 648 2042 in
664 1967 820 2060 Templo
836 1967 1160 2060 Hierosolymitano
1174 1967 1293 2044 erello
1309 1992 1343 2058 c;
1369 1967 1428 2042 sed
1445 1970 1502 2044 hic
1516 1994 1576 2068 pu-

434 2089 492 2140 rus
521 2084 596 2140 erat
617 2082 826 2158 puntentur,
865 2064 935 2138 lola
963 2063 1098 2138 otcasto
1128 2063 1267 2158 Judaeos
1293 2064 1501 2163 subigendi,
1536 2091 1576 2141 ac

434 2186 547 2259 remp.
569 2185 694 2238 eorum
716 2159 944 2252 destruendi3
971 2183 1056 2236 uera
1070 2163 1161 2236 ratio
1176 2179 1250 2236 crat
1265 2159 1446 2256 superbia,
1471 2164 1574 2239 &do

434 2263 590 2335 minandi
612 2261 742 2346 libido,
767 2258 960 2334 &avaritia
976 2260 1085 2356 regis:
1112 2260 1163 2331 uti
1178 2259 1278 2353 supra
1294 2261 1313 2320 d
1328 2259 1576 2341 demonstravi.

433 2359 675 2447 Antiochum,
703 2373 741 2431 ut
762 2357 849 2431 illud
868 2379 980 2434 unum
995 2357 1050 2430 hic
1069 2373 1249 2452 repetam,
1272 2363 1420 2453 pecuniis
1435 2361 1577 2458 indigen·

433 2471 497 2529 tam
519 2452 758 2554 transgressum
772 2451 908 2547 foedera
932 2451 1145 2551 Jadaearum,
1177 2470 1208 2527 et
1220 2453 1372 2552 spaliaffe
1395 2454 1577 2556 Tampium,

431 2578 511 2627 aura
535 2557 896 2652 argentoqueplcnum,
923 2549 1117 2626 Historicos
1138 2551 1297 2627 Gentiles
1322 2552 1462 2646 testari,
1488 2555 1578 2632 adse-

432 2653 479 2726 rit
493 2649 666 2748 Josephus
683 2687 717 2736 e,
742 2650 928 2724 nominatis
953 2669 1095 2743 quoque
1111 2645 1349 2744 scriptoribus.
1400 2652 1456 2724 De
1470 2654 1576 2732 Tem·

431 2749 496 2844 plis
515 2755 668 2842 plurimis
690 2749 734 2820 ab
749 2745 823 2838 ipso
838 2746 989 2840 spoliatis
1004 2767 1145 2842 quoque
1162 2746 1398 2823 testimonium
1415 2753 1577 2844 perhibet

430 2846 597 2934 Polybius
616 2840 649 2918 s.
712 2865 745 2934 3.
780 2843 913 2938 Quanti
933 2850 1059 2936 patrios
1077 2843 1206 2918 lecerit
1228 2845 1347 2932 Deos,
1382 2849 1438 2917 vel
1460 2870 1506 2920 ex
1525 2871 1572 2923 eo

431 2937 588 3028 constat,
614 2937 708 3030 quod
730 2941 860 3030 quaevis
875 2937 1051 3030 Numina,
1077 2944 1182 3016 etiam
1197 2941 1395 3040 peregrina,
1419 2940 1490 3016 fine
1506 2943 1575 3021 dis·

430 3034 579 3109 crimine
602 3035 807 3109 muneribus
831 3035 1020 3127 ditaverit,
1054 3035 1250 3132 &publica
1271 3041 1308 3116 in
1333 3059 1462 3134 pompa
1485 3043 1577 3118 cele·

430 3131 607 3221 braverit,
634 3153 709 3207 non
725 3132 767 3205 ad
783 3133 991 3230 religionem
1010 3133 1279 3227 testificandam,
1305 3159 1431 3213 verum
1447 3142 1577 3238 magni·

431 3228 608 3308 licentiam
624 3232 657 3306 dt
673 3231 913 3326 profusionem
929 3230 1182 3310 ostentandam.
1232 3233 1341 3328 Cuy'us
1359 3233 1490 3312 illustre
1507 3238 1578 3334 spe·

431 3339 547 3414 cimen
573 3331 740 3419 inludis,
765 3332 807 3403 ad
825 3329 999 3422 Daphnen
1023 3331 1065 3402 ab
1089 3331 1163 3422 ipso
1190 3331 1371 3418 exhibitis,
1396 3337 1573 3411 memorie

429 3434 588 3536 prodidit
612 3429 774 3520 Polybius
801 3447 844 3512 t,
871 3429 950 3520 qui,
977 3427 1067 3523 regis
1084 3426 1227 3520 scopum
1244 3431 1348 3505 unice
1366 3429 1496 3523 fuine,
1521 3433 1575 3508 ad·

431 3537 500 3624 dit,
528 3537 568 3606 ut
585 3529 776 3606 Aemilium
792 3526 953 3611 Paulum,
986 3525 1096 3618 quiin
1115 3527 1328 3599 Macedonia
1341 3527 1444 3602 ludos
1462 3531 1575 3604 edide·
1676 3599 1680 3606 .

429 3651 504 3724 rat,
538 3627 766 3723 largitionibus
791 3637 978 3719 operumque
1000 3625 1225 3718 magnitudine
1248 3627 1463 3703 antecelleret.
1514 3629 1576 3704 His

468 3825 578 3888 avers.
602 3841 648 3898 ³0·
745 3824 761 3878 tr
786 3820 1083 3891 1Macc.1:41‚43.
1182 3839 1197 3879 c
1221 3819 1263 3878 Ib.
1285 3821 1357 3883 vers.
1383 3839 1428 3896 54.
1453 3749 1578 3884 αὔξεῐέ

429 3923 478 3965 v1:
498 3923 525 3964 2.
687 3899 706 3958 d
726 3897 761 3958 ad
782 3897 853 3956 vers.
876 3914 924 3969 24,
948 3909 996 3966 aa,
1021 3913 1067 3969 30.
1204 3909 1338 3958 econtra
1360 3900 1414 3976 Ap.
1437 3901 1454 3958 l.
1480 3919 1524 3962 11.
1546 3921 1573 3980 p.

1091 4020 1116 4062 ·.
1238 3997 1260 4059 g
1281 3974 1354 4056 apud
1375 3977 1482 4042 Athen.
1506 3981 1525 4041 l.
1544 3996 1572 4039 r.

429 4087 458 4145 p.
483 4075 549 4134 194.
