3464 4774
461 429 523 488 no
595 414 634 490 D
681 411 717 490 A
764 412 811 490 N.
871 351 1058 510 ¹xlrry.¹
1106 387 1109 394 ’
1246 435 1317 518 731

169 598 423 689 Maccabaicae,
450 601 583 694 dequo
605 599 663 676 hic
684 602 833 680 omnino
847 603 980 700 agitur,
1005 599 1091 678 nihil
1105 597 1317 678 habetadao

167 697 296 787 alieni,
322 714 361 772 ut
381 698 508 795 dogma
528 697 614 772 illud
636 698 804 775 hocloco
820 701 1093 776 ¹commemorari
1114 723 1188 775 non
1201 697 1317 794 poffit.

160 793 313 871 ‚Mentio
341 796 436 872 enim
468 794 728 872 resurrectionis
755 798 793 872 in
815 800 1004 893 prophetia
1023 799 1067 872 de
1097 797 1318 894 temporibus

170 886 402 968 Maccabaicis
424 915 470 966 eo
481 891 575 988 scope
597 892 691 966 reue
705 895 839 968 censeri
856 895 970 987 potest
984 895 1095 982 falia,
1119 888 1193 970 non
1213 907 1253 968 ut
1266 891 1331 966 re'

170 988 391 1064 surrestionis
412 1005 553 1080 tempus
575 987 763 1082 figeretur,
788 989 848 1062 sed
864 987 980 1085 ut'sors
993 999 1050 1084 pie
1066 992 1318 1066 defunctorum

169 1087 208 1160 in
225 1083 425 1160 adflictione
445 1083 685 1178 Epiphanica,
718 1085 779 1158 suo
801 1101 964 1180 tempore
981 1086 1234 1174 distribuenda,
1260 1085 1318 1158 ex·

173 1183 362 1276 plicaretur
377 1183 420 1256 ad
435 1181 635 1256 viventium
650 1203 730 1255 cum
747 1180 987 1273 consolationem
1002 1183 1104 1278 super
1120 1184 1317 1268 sociorum,

171 1279 270 1353 felici
300 1300 417 1354 retum
440 1276 656 1372 catastrophe
678 1276 795 1354 secum
820 1303 895 1355 non
914 1282 1162 1378 gaudentium,
1201 1295 1317 1355 morte
1440 1371 1442 1376 ι

173 1377 412 1468 &martyrio,
438 1392 513 1452 tum
527 1379 829 1468 cumulantionem,
855 1392 916 1467 ut,
945 1381 1008 1452 hac
1024 1379 1083 1472 spe
1098 1373 1321 1452 resurretiio-

172 1475 227 1549 nis
240 1473 346 1548 eretii
356 1524 368 1562 ,
380 1472 450 1548 sese
466 1475 600 1562 majore
614 1470 740 1546 fiducia
756 1475 790 1547 δι
806 1475 984 1549 alacritate
1000 1475 1163 1570 periculis
1178 1475 1210 1546 dr
1225 1493 1320 1547 mor·

173 1572 201 1645 ti
224 1594 290 1664 pro
311 1571 411 1645 causa
429 1571 608 1666 religionis
624 1571 655 1644 dt
672 1572 758 1663 reip.
774 1588 1008 1664 exponerent.
1060 1573 1127 1646 Cui
1140 1573 1250 1644 robur
1262 1590 1319 1641 ae·

165 1665 293 1755 cedit,
324 1668 418 1760 quod
448 1668 512 1740 hac
536 1667 607 1760 ipsa
629 1666 690 1759 spe
711 1667 773 1740 fibi
794 1670 828 1740 dt
853 1669 938 1742 aliis·
952 1670 1088 1743 animos
1112 1665 1227 1763 paffim
1249 1667 1318 1740 hoc

173 1779 337 1859 tempore
358 1764 575 1850 addiderint,
607 1780 646 1838 ut
666 1785 710 1836 er
734 1764 879 1841 eblacc.
901 1783 986 1838 var.
1008 1765 1042 1838 &
1064 1765 1204 1839 aliunde
1234 1783 1320 1836 con-

172 1860 249 1936 stat.
299 1860 380 1934 Nee
400 1884 419 1935 a
443 1875 577 1956 tempore
594 1861 821 1934 Maccabaico
835 1861 1118 1948 resurrellionis,
1146 1863 1229 1934 licet
1245 1861 1320 1933 lon·

173 1957 302 2058 gissime
324 1974 491 2045 remotae,
523 1959 658 2031 mentio
679 1958 866 2047 abhorret,
900 1965 1024 2054 partim
1048 1957 1143 2053 quod
1164 1955 1321 2050 bocipso

174 2074 339 2152 tempore
367 2057 437 2130 hoc
461 2053 589 2150 dogma
611 2056 844 2152 vulgatiuslit
866 2055 1017 2144 fastum,
1057 2059 1109 2129 uti
1130 2058 1240 2130 multa
1260 2055 1322 2126 do·-

174 2170 280 2241 cent,
302 2160 426 2246 purtim
450 2153 545 2244 quod
565 2153 686 2224 ultima
708 2154 765 2224 illa
781 2153 988 2224 resurr-estio
1007 2154 1042 2223 in
1059 2151 1179 2223 illustri
1195 2149 1322 2242 instau-

173 2248 319 2322 rationis
345 2265 463 2320 rerum
484 2247 648 2318 mirabilis
670 2246 859 2337 specimine
885 2247 955 2318 hoc
969 2262 1133 2339 tempore
1150 2245 1220 2318 sese
1234 2265 1321 2319 con·

154 2341 384 2440 ¹spiciendam
402 2340 741 2436 praebuerit,partim
758 2341 983 2430 quodfelicia
1000 2342 1320 2416 Maccabaicatem·

198 2463 262 2516 ora
281 2461 364 2514 cum
384 2435 515 2511 Melliae
530 2437 685 2510 adventu
702 2438 913 2511 connexa&
932 2440 968 2511 in
984 2459 1066 2512 eum
1080 2438 1217 2511 exitura
1231 2438 1319 2524 fint3

199 2531 308 2614 ‘esna
331 2557 421 2610 vero
445 2551 606 2626 tempora
629 2549 793 2626 tanquam
817 2533 940 2611 mundi
961 2535 1103 2624 ultima,
1135 2533 1321 2628 inquibus

174 2632 383 2712 resurresiio
408 2633 440 2706 dc
462 2631 632 2723 judicium
661 2630 856 2706 universale
882 2633 1001 2706 locum
1024 2633 1217 2728 reperiret,
1250 2652 1319 2704 nec

171 2735 216 2828 ab
234 2733 388 2809 invicem
417 2732 520 2825 longe
544 2746 702 2820 remota,
735 2728 882 2804 describi
908 2728 1055 2807 soleant.
1112 2729 1169 2803 De
1193 2751 1264 2823 quo
1282 2729 1321 2801 in

170 2837 289 2906 ultima
309 2828 564 2904 Dissertatione
580 2825 623 2904 ad
637 2827 881 2904 emblematica
898 2828 1057 2906 Danielis
1066 2828 1230 2904 vaticinia
1245 2827 1321 2922 plu·-

164 2932 270 3006 ribus
287 2927 337 3001 dis
363 2927 480 3002 atavi·
531 2945 535 2953 ·
595 2999 597 3004 ,
927 2955 931 2961 ·

173 3017 179 3026 ’
221 3029 253 3117 §.
273 2951 374 3096 CCE.
409 3024 495 3096 Haec
522 3021 605 3096 licet
624 3024 832 3113 admittam,
872 3023 1149 3116 resuscitationem
1172 3038 1320 3112 tamen,

171 3142 248 3202 non
269 3116 502 3191 universalem
527 3119 623 3192 illam
643 3120 832 3210 &proprie
849 3119 994 3208 didam,
1020 3121 1080 3194 sed
1092 3121 1321 3215 impropriam

174 3220 207 3295 du
222 3213 425 3312 figuratam,
440 3212 498 3288 seu
515 3212 605 3306 reip.
622 3213 655 3286 dt
673 3212 837 3288 Ecclesia·
850 3212 1005 3306 Judaicae
1019 3237 1081 3308 per
1098 3220 1319 3290 Maccabeos

171 3311 483 3400 instaurationem,
522 3329 605 3384 cum
627 3307 883 3384 Chafidaeorum
905 3326 1130 3393 mortuorum
1151 3313 1321 3399 honore,

175 3405 210 3486 dc
234 3410 478 3502 improborum
494 3408 711 3501 contumelia
727 3405 973 3500 commodam,
998 3407 1128 3482 diresle
1148 3409 1182 3480 dt
1204 3408 1322 3502 primo

82 3590 88 3598 ,
173 3510 258 3587 locu
276 3507 411 3584 intendi
429 3527 478 3588 ac=
490 3503 659 3596 describi,
684 3503 870 3598 sequentes
892 3505 975 3580 mihi
990 3503 1202 3597 persuadent
1215 3503 1321 3578 ratio·

175 3629 250 3684 nes.
311 3627 343 3681 1.
367 3604 521 3682 Primum
554 3601 817 3678 resurreliionis
844 3623 918 3678 non
939 3603 1074 3678 ultima
1094 3601 1127 3676 &
1144 3601 1322 3698 propriae,

175 3703 236 3788 sed
252 3703 487 3798 improprie,
504 3701 540 3776 dt
560 3700 597 3775 in
612 3699 688 3796 ipso
702 3717 904 3796 tempotum
923 3697 1025 3774 cursu
1040 3699 1192 3790 suturae,
1216 3695 1323 3773 crite·

175 3802 268 3882 rium
284 3798 334 3873 est
349 3801 384 3874 in
400 3821 467 3889 eo,
486 3798 581 3893 quod
597 3820 672 3874 non
687 3796 884 3882 uniuersalis
898 3797 1058 3873 omnium
1073 3814 1322 3889 mortuorum,

173 3897 236 3992 sed
254 3897 492 3997 particularis,
531 3895 566 3974 δι
588 3895 632 3973 ad
654 3911 771 4072 cerztos
796 3896 956 3978 homines
977 3893 1152 3993 restriila,
1173 3895 1242 3986 ,hic
1261 3894 1323 3970 de·

737 4013 857 4074 zaza
1048 4013 1051 4020 ⁴
1204 3997 1323 4099 pinna·
