3494 4802
154 375 158 384 ‘
308 423 366 482 n
411 362 781 486 varrorurn
829 406 1161 500 onurntrs.
1237 432 1308 529 263

159 593 221 668 hic
239 590 385 668 domurn
405 589 623 668 &familiam
638 590 713 686 ejus
730 592 936 692 conplecti:
962 602 1183 696 quemusum
1198 608 1231 684 δι
1246 612 1306 688 ali.

155 694 194 767 bi
221 690 326 765 habet
348 713 422 764 vox
444 718 567 779 nima,
606 705 646 767 ut
668 690 720 766 Ps.
742 715 814 769 cxx:
842 700 1008 790 13.·‘Am.
1031 723 1077 775 rx:
1106 726 1136 779 r.
1171 707 1205 785 &
1231 711 1305 788 aliis

152 791 192 864 in
218 789 317 865 locis.
367 809 400 862 a.
421 810 485 881 per
507 789 641 883 elliplin
664 791 813 888 intelligi
832 797 945 888 alios,
986 821 1089 892 quarn
1115 800 1302 900 posteros,

152 889 282 980 quibus
330 909 369 959 er
390 886 597 962 divilionem
619 893 766 986 regnum
788 894 1041 991 contingerem
1082 914 1123 972 ut
1144 901 1204 976 srt:
1240 929 1304 980 non

67 1087 84 1098 ἢ
146 990 241 1156 m
253 911 393 1156 {21de
409 983 580 1156 {guszrsletd
604 985 855 1156 aliosverQbuod
865 993 1013 1162 ffsbipm
1026 995 1131 1070 facile
1148 1001 1304 1098 cogitari.

141 1103 671 1276 figniricardusorte'gdzflrduede',
697 1203 717 1252 a
738 1098 1302 1282 musmgmg’rqglegfagrguorogirtg

26 1291 27 1346 1
141 1274 271 1350 fiebat.
337 1275 394 1346 De
425 1297 497 1368 quo
519 1273 826 1353 consulendusest
848 1278 901 1353 Cl.
925 1281 1113 1356 Schultens
1133 1286 1171 1359 in
1195 1291 1301 1366 anim.

26 1411 28 1474 3
139 1373 277 1448 Philol.
301 1369 345 1444 ad
364 1371 449 1463 Job.!
470 1393 527 1446 xt:
551 1390 609 1462 25.
632 1372 666 1446 dc
687 1372 793 1448 Prov.
816 1396 895 1450 xxx:
914 1396 971 1469 27·
997 1399 1064 1452 nec
1079 1401 1153 1456 non
1168 1405 1299 1462 comm.
1411 1406 1415 1414 ·

26 1475 28 1558 ζ
138 1471 185 1546 ad
202 1469 290 1565 Job.
313 1491 384 1544 xxr:
413 1488 470 1544 21.
521 1469 608 1543 Haec
636 1469 725 1544 stad
746 1469 902 1548 animum
923 1492 1165 1568 revocentur,
1191 1479 1321 1565 distri..

140 1571 336 1643 butionem
359 1565 475 1653 illam,
502 1588 600 1659 qua,
627 1565 830 1643 Alexandro
851 1585 1019 1662 mortuo,
1044 1573 1230 1652 aducibus
1247 1579 1297 1654 fa·

141 1662 288 1753 tirell,
315 1686 403 1758 qua,
438 1660 548 1738 domo
570 1664 762 1740 Alexandri
783 1665 942 1756 excluso,
974 1691 1124 1766 regnum
1146 1674 1241 1750 inter
1261 1676 1297 1752 se
1408 1716 1415 1722 ·

140 1760 359 1858 diuiserunt,
395 1759 531 1854 dequo
553 1757 774 1856 supradixi,
812 1762 871 1838 hic
895 1763 1043 1841 describi
1065 1765 1170 1844 facile
1200 1789 1297 1868 pate.

140 1859 226 1936 icet.
280 1859 347 1932 Cui
363 1855 504 1931 historia
518 1858 622 1954 plane
636 1858 824 1934 consentit.
878 1861 1037 1941 Aridaeus
1054 1867 1194 1959 quidem
1208 1876 1297 1968 regis

116 1973 117 1976 ‘
140 1957 294 2033 nomine
316 1956 385 2031 fuit
407 1953 608 2052 insignitus,
642 1959 700 2032 cui
716 1957 899 2034 Perdiccas
914 1974 1012 2036 tutor
1029 1963 1301 2044 &administra·.

139 2071 196 2132 tor
217 2056 323 2152 regni
343 2055 444 2127 datus
462 2051 533 2127 est:
567 2053 626 2127 sed
647 2069 881 2150 praeterquam
906 2059 1003 2152 quod
1012 2055 1129 2151 frater
1146 2065 1295 2144 Alexan·

138 2151 191 2227 dri
213 2151 357 2241 fuerit,
396 2149 555 2244 adeoque
576 2152 670 2226 inter
695 2149 835 2248 posteros
862 2156 938 2246 ejus
962 2177 1038 2230 non
1063 2159 1293 2254 referendus,

137 2256 362 2326 nominetenus
377 2247 543 2335 tensuit,
568 2254 695 2322 nomine
709 2271 784 2324 non
803 2271 858 2322 re:
883 2250 937 2324 uti
950 2272 996 2326 ex
1009 2252 1150 2330 historia
1164 2275 1292 2336 notum
1352 2309 1357 2312 -

138 2347 200 2424 est.
255 2346 373 2447 Quam
398 2347 446 2420 ob
468 2343 604 2420 causam
621 2344 782 2420 Aridaeus
797 2346 977 2442 eleganter
991 2369 1010 2420 a
1024 2348 1114 2426 Plut.
1134 2352 1171 2428 in
1184 2356 1290 2432 Alex.

136 2465 170 2541 p.
196 2467 283 2540 707.
318 2443 513 2537 adpellatur
541 2441 747 2541 aagendam
764 2450 826 2525 mie
851 2441 1036 2534 detrudar,
1056 2443 1289 2542 finnionem,

136 2542 198 2616 seu
228 2557 328 2617 muta
347 2543 416 2616 ima
440 2563 483 2626 o,
509 2539 609 2627 noodr
630 2537 803 2638 miceam.
836 2553 876 2614 ut
904 2537 999 2613 teile
1030 2544 1200 2637 explicuit
1225 2547 1291 2626 Ez.

136 2641 324 2738 Spanhem.
347 2639 390 2714 ad
407 2563 532 2732 foliam.
554 2635 676 2712 Caesar.
702 2658 740 2730 p.
766 2658 825 2730 32.
882 2633 963 2712 Nec
985 2639 1087 2716 aliam
1109 2639 1290 2740 gellerunt

134 2741 321 2832 personam
345 2737 416 2810 duo
438 2733 499 2808 filii
517 2733 729 2824 Alexandri,
754 2735 797 2810 ad
825 2736 935 2810 breve
958 2749 1098 2833 tempus
1123 2762 1223 2842 reges
1238 2743 1289 2818 di·

136 2832 196 2910 ui:
223 2857 376 2931 quorum
393 2835 452 2908 hic
471 2834 567 2909 nulla
579 2831 631 2910 est
644 2833 805 2907 habenda
816 2835 920 2910 ratio.

184 2939 218 3025 §.
241 2931 385 3006 XXXV.
415 2930 590 3006 Posterius
620 2931 820 3006 membrum
845 2934 1047 3028 generalem
1067 2934 1206 3026 thefin‚
1238 2939 1283 3018 de

136 3051 250 3129 regno
271 3027 462 3105 Alexandri
485 3027 677 3104 secundum
694 3029 774 3102 coelr
788 3030 902 3126 plagas
917 3031 1029 3106 diviso
1043 3031 1137 3108 inter
1153 3035 1284 3129 duces,

136 3126 280 3204 exclufis
305 3125 453 3222 posteris
463 3127 569 3220 -ejus,
596 3126 739 3220 paulurn
764 3123 959 3224 restringit,
983 3151 1058 3206 non
1073 3145 1190 3208 toturn
1207 3157 1284 3232 reg-

137 3247 223 3302 num
247 3227 309 3318 iis,
349 3223 409 3298 sed
433 3223 620 3299 nonnullas
642 3243 784 3316 quoque
812 3239 928 3316 partes
957 3227 1030 3302 aliis
1048 3245 1177 3320 praeter
1198 3229 1282 3308 istos

137 3322 300 3412 cessrlse,
332 3323 414 3416 quia
441 3341 589 3420 regnum
611 3341 675 3412 per
699 3317 882 3392 intestinos
903 3336 1021 3396 motus
1043 3324 1134 3414 quat
1153 3326 1281 3418 praedae

135 3419 453 3516 sememonten,
493 3419 673 3492 declarans
702 3416 754 3489 his
783 3417 924 3490 verbis:
964 3416 1007 3500 ἐπ”
1027 3443 1090 3492 non
1102 3418 1281 3513 secrrnrlnm

134 3513 294 3615 regnum,
332 3511 675 3605 rememoramini,
713 3517 789 3608 quio
801 3510 975 3608 soloamr,
1010 3514 1042 3586 ἃ
1065 3519 1142 3588 aliis
1161 3531 1281 3610 prater

137 3618 229 3707 illos,
255 3615 387 3692 scilicet
400 3617 514 3689 cedet.
564 3607 749 3687 Restrinio
763 3609 813 3684 est
830 3611 865 3684 in
882 3611 1016 3700 verbis,
1038 3609 1081 3698 ἃ
1094 3611 1282 3708 nonsecun.

134 3711 210 3787 dnm
235 3715 429 3800 dominium,
455 3712 535 3808 quod
554 3709 618 3808 ipse
640 3712 771 3782 habuit:
798 3709 923 3802 quibus
939 3731 1012 3784 non
1029 3729 1099 3788 tam
1114 3709 1281 3807 fignifica-

136 3825 214 3902 tur‚
241 3809 389 3886 divisum
411 3831 560 3908 regnum
582 3829 655 3883 non
679 3829 776 3900 aeque
801 3829 964 3904 magnum
983 3803 1169 3886 &firmum
1185 3810 1282 3885 fotu·

132 3925 231 4002 rum,
257 3931 299 3985 ac
324 3911 464 3987 unitum
487 3907 549 3984 sub
569 3905 773 3982 Alexandro
796 3904 936 3998 fuerat,
968 3903 1027 3982 sed
1049 3923 1281 3995 uentorum,

499 4018 505 4030 ·
687 4031 697 4052 ·
990 4039 994 4044 -
1180 4025 1282 4100 quarn
