3386 4744
2 2639 3 2642 ‘
117 2637 252 2730 elohin
268 2635 423 2733 Aegypti
437 2633 589 2710 ditiones
600 2631 827 2710 antevertiiie

402 435 466 494 au
536 414 752 502 [ΗΝ.
824 445 1050 516 xte'tes*
1197 451 1306 537 sno,
1382 515 1384 522 .

123 603 189 698 hac
210 601 492 698 expeditiones,
519 601 607 677 vers.
630 622 676 694 25
693 603 758 681 dre.
783 603 927 703 depingi
943 603 1147 684 censentes,
1179 603 1277 706 Quae¹
1304 681 1309 690 ,

121 698 326 817 hypothesis
346 723 416 775 nec
436 700 580 790 verbis,
605 722 672 774 nec
692 722 818 777 eorum
843 705 1102 797 implemento,
1126 709 1275 778 conten·

121 813 180 874 tet.
231 819 264 871 r.
286 797 383 875 Duas
403 797 430 871 ir
455 797 655 892 Epiphanes
675 795 713 872 in
739 801 943 896 Aegyptum
964 801 1155 896 susceperit
1170 819 1275 894 expe·
1385 819 1387 824 ’

120 896 277 970 ditiones
297 913 381 970 ente
397 895 557 970 nltimam
572 895 686 981 illam,
707 917 779 988 -qua
799 899 968 972 Romanis
984 898 1114 972 cedere
1128 897 1274 986 debuit,

116 997 223 1086 eujus
240 990 330 1066 vers.
355 1010 414 1080 ²5·
438 991 561 1084 incipit
584 993 740 1080 mentina
762 991 902 1086 denuo
925 993 1046 1087 postea
1061 997 1272 1088 disputabo:

122 1091 178 1165 bis
200 1107 322 1162 tameo
341 1088 463 1180 copias
485 1084 670 1162 Ptolemaei
692 1087 939 1163 Philometoris
960 1089 1062 1164 fuiise
1078 1089 1189 1176 fusas,
1214 1111 1274 1164 an·
1308 1159 1312 1170 .

122 1203 268 1279 tequam
287 1187 318 1259 is
341 1183 412 1257 sese
435 1183 618 1259 Antiocho
629 1181 785 1271 dedidit,
812 1183 1039 1276 quodttmen
1056 1209 1101 1262 ex
1117 1184 1208 1260 vers.
1226 1207 1275 1261 ee

123 1285 160 1356 dt
176 1306 201 1356 e
207 1303 242 1372 5.
265 1280 492 1374 sequeretur,
518 1301 564 1352 ex
585 1277 815 1358 historianon
829 1280 986 1358 constat:
1013 1302 1054 1359 ut
1072 1303 1156 1360 mox
1175 1297 1274 1376 pate·

121 1379 191 1454 hit.
241 1399 276 1452 e.
304 1383 343 1454 in
405 1383 497 1452 'marn
512 1377 606 1454 iliam
616 1376 908 1470 expeditionem,
933 1379 1103 1454 aduabos
1126 1377 1273 1474 sequen·

122 1479 219 1552 tibin
241 1473 316 1548 disti
398 1498 456 1562 m,
481 1475 580 1550 nulio
595 1477 702 1550 modo
717 1475 863 1568 quadrat
871 1497 943 1550 nec
957 1478 1158 1550 nocherum
1174 1485 1273 1550 inun-

122 1575 265 1651 dationis
279 1569 455 1663 confroiiio
472 1571 561 1646 veri
580 1591 637 1646 te.
649 1623 661 1663 ,
675 1593 744 1646 nec
759 1573 796 1646 in
809 1588 952 1668 gentem
964 1575 1121 1666 opimam
1135 1595 1176 1648 ac
1192 1596 1272 1667 pro·

123 1671 277 1746 vinciam
296 1668 495 1768 ingreiius,
525 1666 791 1762 spoliatumque
809 1686 885 1744 tam
907 1672 1104 1764 amplorum
1127 1691 1269 1746 coacer-

120 1768 240 1854 vatio,
267 1789 302 1842 v.
327 1789 386 1856 24.
435 1764 787 1859 Praeterquamquod
807 1787 949 1858 parvam
969 1781 1106 1842 tantum
1121 1787 1271 1844 manum
1307 1827 1311 1834 .
1439 1873 1443 1881 .

120 1865 252 1940 ducum
275 1860 455 1937 Ptolemaei
473 1859 692 1961 profligatam
708 1860 808 1934 fuine
823 1859 927 1937 statui
942 1866 1093 1951 debeat,
1116 1862 1140 1934 u
1160 1864 1204 1938 ab
1219 1863 1268 1940 ai-

117 1977 202 2055 tero
223 1961 366 2054 prelio,
400 1957 489 2033 vers.
519 1980 576 2050 25.
602 1974 823 2046 memorato,
861 1957 1103 2057 distinguenda
1130 1958 1172 2035 fit
1192 1961 1269 2036 hec

119 2055 324 2153 expeditio,
349 2055 445 2150 quod
470 2053 607 2146 phrasi,
632 2058 763 2130 iracbia
779 2058 1006 2132 inundationis
1021 2059 1270 2132 inundabantur
1301 2083 1303 2088 ·

120 2155 164 2240 θ’
183 2151 459 2248 confringentur,
488 2152 590 2226 nulio
609 2152 720 2228 modo
740 2150 924 2228 satisfacit:
951 2155 1153 2228 Antiochus
1175 2169 1265 2230 tune

115 2254 158 2327 in
173 2252 327 2346 Aegypti
350 2243 571 2341 posseffiones
592 2269 667 2322 non
688 2246 813 2335 venit,
837 2269 884 2320 ne
902 2249 1065 2340 quidem,
1090 2250 1186 2342 qood
1201 2249 1266 2324 sta·

119 2350 253 2434 tuitur,
280 2343 468 2437 Memphin
483 2361 613 2436 usque:
629 2341 724 2435 quod
734 2359 851 2417 tamen
867 2343 925 2416 hic
939 2345 1100 2420 habetur.
1125 2367 1159 2438 3.
1171 2345 1267 2420 Mul·

112 2461 159 2522 to
176 2443 287 2540 magis
307 2443 351 2515 ab
372 2441 438 2514 hac
460 2440 708 2533 expeditione,
732 2459 811 2531 quae
823 2445 931 2535 prima
946 2439 1126 2530 statuitur,
1150 2441 1266 2520 aliena

117 2539 171 2618 est
192 2539 378 2635 conjitintio
399 2535 568 2614 Antiochi
580 2557 668 2610 cum
683 2556 766 2633 rege
781 2537 958 2708 Aeglgptj,
976 2559 1061 2709 ⁸gua
1075 2539 1262 2716 introlitum

866 2655 899 2708 rc
940 2657 983 2711 rer
1000 2659 1069 2724 ur,
1096 2657 1160 2708 ver
1204 2658 1262 2712 2.

114 2737 176 2812 ilia
197 2736 293 2810 enim
308 2729 393 2828 post
404 2728 583 2830 seeundum
605 2731 870 2828 expeditionem
896 2731 1037 2808 demum
1054 2735 1138 2828 poni
1153 2660 1262 2826 integ,

55 2907 57 2912 ,
115 2834 154 2910 dt
181 2855 264 2908 cum
294 2851 410 2928 pugna
437 2827 527 2907 vers.
559 2849 617 2920 ας.
652 2843 848 2906 memorata
869 2830 1074 2925 neutiquam
1094 2829 1261 2910 consistit.

115 2930 218 3028 Rege
238 2931 332 3004 enim
353 2927 549 3004 Ptoiemaeo
573 2923 813 3004 Philometore
835 2927 872 3002 in
892 2925 1096 3004 societatem
1117 2949 1157 3003 ac
1178 2929 1260 3004 ami·

91 3021 260 3113 citiam,
299 3026 381 3100 linet
409 3027 563 3122 maligno
584 3025 724 3115 animo,
755 3039 923 3120 recepto,
939 3097 943 3104 ,
962 3047 1035 3118 ejus
1058 3025 1203 3101 tutelam
1226 3029 1262 3102 dr

117 3121 357 3218 patrocinium
377 3117 474 3216 geiiit
493 3135 617 3195 contin
633 3122 911 3210 Alexandrinost
935 3137 1073 3198 tantum
1086 3121 1203 3212 abest,
1220 3139 1261 3197 ut

117 3221 240 3294 denuo
264 3237 386 3290 manue
409 3237 491 3290 cum
508 3237 558 3288 eo
573 3215 802 3290 consetuiss'ee
816 3218 1033 3305 Antiochum
1062 3221 1112 3294 uti
1122 3219 1263 3294 nemini

115 3337 195 3393 non
219 3327 348 3390 notem
370 3308 432 3385 est.
479 3331 516 3399 4.
535 3311 734 3385 Antiochus
748 3317 785 3386 in
795 3315 1005 3405 pinguedines
1018 3321 1195 3408 provincie
1210 3321 1260 3388 in·

117 3408 243 3512 troffo,
269 3409 303 3483 dr
316 3402 453 3503 feciffc,
477 3429 553 3498 quae
575 3409 710 3500 majores
731 3412 767 3478 in
787 3412 931 3482 animum
946 3427 1111 3504 nunqnam
1126 3411 1261 3483 indute

118 3523 198 3677 '⁰²31‘
207 3557 219 3596 ’
240 3507 330 3678 adi*
355 3500 1054 3676 mittitintiiihhhnhi
1073 3504 1259 3676 itit?

119 3627 257 3798 pnoltecita
276 3626 380 3774 nvgr’a
401 3698 459 3772 sua
480 3697 630 3791 emphasi
651 3698 793 3774 deman
816 3694 995 3792 postquam
1015 3651 1259 3777 Romanorum}
1318 3689 1320 3696 ’

115 3795 211 3896 jussu
236 3797 439 3894 Aegyptum
462 3794 622 3868 deserere
646 3791 898 3894 ,coattufuita
927 3817 995 3872 nec
1021 3797 1083 3872 nih
1106 3800 1200 3871 circa
1220 3795 1260 3872 fi.

114 3919 200 3994 pem
230 3897 329 3994 regni
363 3889 536 3989 operiens
565 3889 756 4064 δι’]ᾗραέἰι,
785 3891 904 3995 deque
931 3898 1164 4070 notitionihels
1184 3894 1258 4072 ss'

705 4009 760 4064 xx
1138 3998 1186 4070 io
1240 4001 1262 4072 'r
