3456 4744
390 407 1377 544 wzcouueudrnrus

396 627 434 702 in
460 649 533 724 rep.
555 627 741 704 instaurata
762 629 965 720 fruerentur
987 647 1067 698 cunr
1090 621 1312 719 superstites,
1343 639 1420 706 tuni
1443 621 1478 697 in
1501 625 1564 720 iis,

397 729 551 815 mortui;
577 729 628 802 his
651 729 769 800 verbis
794 723 883 796 vers.
911 747 945 818 3.
974 721 1017 804 ld
1040 721 1193 795 Doliores
1204 719 1419 818 splendebunt
1443 719 1549 814 infler

387 821 571 918 splendoris
596 821 754 919 expreſs,
796 818 840 904 (ἑ
860 827 915 917 qui
934 815 1159 915 justificarent
1181 821 1299 892 multos
1319 815 1425 910 instar
1434 818 1548 914 stella.

397 941 470 990 rum
495 926 530 993 in
544 919 693 1016 seculum
716 921 759 1003 ὅ*
781 935 948 990 eternum.
997 921 1205 998 Occurrunt
1221 916 1277 988 hic
1292 916 1427 988 doliores
1442 915 1484 1010 δὲ
1495 921 1547 1013 ju.

397 1011 607 1110 ldificarores,
634 1019 693 1116 qui
722 1019 860 1112 uerique
883 1012 1023 1108 quidem
1033 1011 1309 1108 splendescerent,
1335 1011 1392 1085 sed
1408 1015 1548 1088 diverso

400 1113 529 1212 gradu,
555 1119 607 1188 ilii
626 1113 732 1188 instar
745 1111 937 1208 splendoris
944 1107 1171 1204 firmamenti,
1196 1113 1230 1182 bi
1251 1105 1355 1182 instar
1361 1107 1546 1202 stellarum.

401 1208 556 1285 Donnes
586 1213 805 1307 adpellantur
828 1211 876 1282 illi
905 1230 946 1280 ex
970 1208 1127 1302 populo,
1159 1209 1218 1300 qui
1241 1227 1321 1280 cum
1342 1205 1549 1286 adfiiciionis

402 1323 567 1404 tempore
596 1311 768 1406 populum
791 1305 1047 1399 instruxerunt,
1081 1304 1279 1398 &moturos
1299 1303 1550 1398 reddiderunt,

403 1423 445 1480 ut
471 1409 588 1504 legi&
606 1408 769 1504 religioni
786 1405 904 1502 patriae
917 1401 1119 1478 constanter
1133 1401 1375 1494 adhaercrent,
1399 1405 1443 1475 ad
1459 1427 1552 1478 rnor-

403 1517 629 1599 tenusque,
655 1507 698 1577 de
724 1505 849 1597 quibus
870 1501 971 1596 supra
993 1523 1031 1592 a,
1058 1515 1227 1592 quantum
1253 1499 1331 1573 latis
1356 1495 1432 1588 est,
1457 1503 1549 1592 dixi,

402 1617 478 1674 turn
502 1604 688 1696 deinceps,
715 1623 790 1696 rep.
807 1597 986 1687 restituta,
1011 1617 1058 1671 eo
1072 1617 1220 1672 munere
1235 1595 1346 1672 funeri
1363 1599 1452 1673 lunt.
1480 1597 1550 1699 Ju-

393 1693 592 1792 fiificatores
613 1721 701 1773 vero
726 1703 922 1784 multorum,
946 1715 991 1768 ex
1005 1716 1083 1768 nrea
1099 1696 1289 1787 opinione,
1314 1698 1393 1768 lunt
1414 1696 1552 1770 Macca-

403 1795 491 1881 baei,
518 1817 714 1888 eorumque
738 1795 885 1881 similes,
912 1795 970 1886 qui
992 1791 1127 1866 causam
1144 1793 1265 1887 populi
1280 1789 1425 1881 adflicti,
1451 1796 1551 1868 &re-

399 1884 539 1986 ligionis
563 1908 795 1987 oppugnatae,
829 1888 970 1980 strenue
1001 1891 1082 1964 tuiti
1109 1889 1205 1977 sunt,
1239 1889 1479 1980 vindicarunt,
1516 1891 1550 1964 de

401 2007 457 2058 res
480 2008 525 2060 eo
548 1991 783 2083 redegerunt,
810 2003 848 2058 ut
870 1988 964 2058 bona
980 1986 1011 2057 dr
1029 1988 1084 2082 pia
1098 1987 1197 2059 causa
1215 1987 1354 2061 tandem
1373 2005 1476 2082 capnt
1490 2011 1548 2063 ex-

402 2083 551 2174 tulerit,
585 2085 619 2160 &
643 2083 923 2178 triumphaverit.
980 2082 1069 2272 311ae
1091 2083 1218 2176 populi·
1238 2085 1426 2160 vindicatio
1446 2087 1477 2159 dt
1494 2109 1546 2160 re·

401 2178 538 2258 stitutio
551 2183 585 2255 in
602 2184 778 2280 integrum
795 2182 939 2255 nomine
952 2182 991 2276 jn
1023 2177 1198 2273 ificntionir
1213 2180 1308 2255 rciie
1326 2185 1455 2276 venit,
1472 2207 1550 2278 qua-

403 2295 506 2354 tenus
527 2279 661 2376 juditia
681 2278 791 2353 causae
807 2280 949 2373 populi,
975 2277 1148 2352 &veritas
1161 2279 1362 2376 religionis,
1388 2282 1425 2355 in
1442 2286 1550 2376 publi·

402 2397 480 2452 carn
509 2379 624 2452 lucem
651 2375 823 2473 protradla
851 2375 922 2464 est,
953 2378 996 2449 ab
1018 2377 1181 2450 omnibus
1200 2379 1403 2472 prejudiciis
1425 2396 1550 2456 contra

366 2479 370 2484 ’
402 2497 502 2563 earn,
545 2477 771 2548 &calumniis
794 2497 842 2548 ex
859 2471 1080 2566 oppreffione
1103 2474 1222 2568 populi
1245 2477 1355 2565 ortis,
1394 2477 1550 2555 liberata.

400 2571 508 2670 Quod
534 2575 616 2646 alias
639 2577 838 2668 opprobrium
857 2575 968 2667 populi
982 2593 1161 2662 removere,
1189 2569 1349 2646 &uelum
1364 2577 1549 2672 gentibus,

404 2669 561 2768 relpediu
586 2671 765 2768 religionis
790 2669 824 2744 δι
846 2670 961 2766 gentis
981 2667 1158 2762 Judaicae,
1189 2668 1410 2762 impolitum,
1442 2671 1546 2769 alfor-

404 2773 475 2842 lere
496 2772 643 2859 dicitur,
671 2765 737 2860 jes.
754 2789 837 2842 xxv:
855 2789 891 2860 7,
911 2771 941 2841 8.
993 2763 1051 2837 De
1067 2787 1137 2858 quo
1151 2761 1203 2841 Cl.
1220 2765 1490 2843 Commentator
1503 2772 1550 2843 le·

324 2925 329 2944 ,
403 2867 537 2963 gendos
562 2863 623 2935 est.
672 2862 757 2957 Quo
778 2863 881 2933 etiam
902 2862 1008 2949 facit,
1034 2863 1130 2954 quod
1151 2863 1194 2935 de
1214 2859 1428 2961 Judahabet
1442 2885 1547 2940 autor

399 2967 503 3059 primi
525 2959 601 3032 libri
629 2957 863 3030 Maccab.111t
886 2961 920 3032 6.
935 2953 1079 3052 salutem
1098 2956 1202 3056 furffe
1224 2959 1371 3034 direilnnr
1391 2966 1427 3034 in
1447 2985 1549 3036 manu

404 3077 484 3154 ejus.
535 3053 615 3126 Nec
635 3053 786 3146 multum
810 3055 883 3142 abit
905 3053 1026 3129 titulus
1050 3051 1234 3167 judicum,
1259 3079 1330 3154 quo
1344 3059 1477 3153 antiqui
1490 3061 1550 3134 he·

404 3175 502 3241 roes,
528 3152 586 3248 qui
612 3151 783 3246 populum
806 3153 848 3226 ab
870 3151 1132 3249 oppreffonbus
1154 3154 1369 3245 liberarunt,
1402 3157 1439 3231 in
1460 3159 1569 3235 libro

405 3249 567 3352 Judicum
596 3249 855 3349 insigniuntur3
895 3251 975 3324 alibi
1002 3252 1106 3326 etiarn
1127 3249 1316 3346 seronwres
1339 3254 1466 3348 Obadj.
1491 3277 1548 3330 21.

405 3349 635 3442 adpellantur.
696 3344 808 3442 lpsum
832 3353 948 3421 daumii
972 3347 1063 3442 apud
1085 3347 1229 3423 Graecos
1251 3349 1545 3446 Hellenistas'pro
1625 3355 1627 3360 ’

267 3452 272 3460 “
404 3445 623 3542 defendere&
642 3449 811 3519 uindicare
825 3445 1029 3542 usurpatum
1057 3445 1108 3520 uti
1122 3462 1250 3522 notum
1266 3448 1328 3524 est.
1384 3449 1465 3528 Nec
1480 3448 1566 3525 line¹

338 3579 342 3590 ·
406 3553 545 3625 ratione
569 3547 706 3618 additur
727 3569 837 3629 nun-r,
864 3543 922 3634 qui
942 3538 1131 3634 iustificant
1153 3549 1291 3634 multos,
1322 3545 1393 3619 saue
1410 3549 1453 3622 ad
1468 3551 1547 3622 mul·

406 3663 454 3723 tos
479 3671 522 3721 ex
548 3651 681 3740 pulvere
704 3657 807 3730 terro,
824 3641 1076 3734 rpuscitandos,
1103 3643 1198 3736 quod
1218 3665 1282 3736 per
1298 3645 1474 3738 publicam
1489 3667 1549 3720 eo·

407 3752 483 3824 rum
504 3740 810 3836 justificationem,
846 3736 1005 3832 utsupra
1029 3737 1195 3831 exposui,
1235 3737 1358 3827 fieret,
1391 3743 1547 3838 respicia-

399 3837 481 3932 tur,
508 3841 579 3914 sive
600 3863 663 3938 per
687 3843 804 3933 multos
825 3833 939 3914 hicin
961 3855 1092 3936 genere
1112 3831 1274 3940 uniuersa
1294 3840 1487 3919 multitudo
1499 3834 1559 3912 ci-'

469 3979 472 3988 .
761 3957 765 3967 ’
1075 3939 1116 3992 '³
1377 3969 1381 3976 ·
1446 3937 1541 4016 vium

436 4065 507 4128 aad
529 4083 552 4124 c.
573 4081 617 4125 ar:
640 4079 686 4138 33.
