3464 4774
447 427 523 529 ιφ
621 407 1443 502 connominatus

452 602 544 680 vers.
566 581 624 693 nn
659 597 785 694 respici
805 595 997 698 censetur,
1033 589 1124 666 adeo
1146 584 1248 667 fuisse
1273 581 1534 698 consternatum,
1568 605 1611 671 ue

452 699 682 778 visiosiarum
699 695 841 772 cursum
853 697 1063 787 abrumpere
1077 688 1265 776 debuerim
1284 699 1339 762 uu
1359 687 1511 760 verbum
1523 698 1612 781 ban,

452 801 497 875 de
521 819 592 890 quo
614 816 721 882 mox,
746 794 892 868 indicat,
1597 833 1603 841 -

502 901 522 987 §
551 891 711 967 CCXVr.
734 892 802 965 Sed
827 889 849 962 fi
875 891 934 962 vel
955 885 1165 984 benigniore
1188 881 1487 976 interpretatione
1511 884 1608 977 adju.

451 1001 557 1070 vetur
583 993 659 1066 haec
680 989 909 1082 hypothesis,
950 1009 988 1058 re
1013 1003 1140 1077 enque
1161 981 1420 1075 septentrionis
1440 983 1606 1063 molitum

449 1091 581 1188 magis,
599 1110 702 1181 quam
716 1103 905 1163 executum
922 1009 1020 1157 suillge
1038 1079 1256 1175 propositum
1270 1076 1397 1153 hostile
1412 1078 1449 1152 in
1462 1079 1608 1178 Aegyp

452 1188 543 1274 rios,
572 1185 732 1279 solosque
752 1185 894 1279 Judaeos
915 1177 1089 1255 infestasse
1106 1177 1296 1267 statuatur,
1321 1175 1367 1250 de
1381 1197 1454 1268 quo
1468 1173 1605 1269 rhum,

304 1334 306 1338 .
452 1307 499 1361 ne
530 1285 577 1358 fic
599 1284 739 1377 quidem
764 1281 932 1356 Antiochi
958 1277 1146 1373 Epiphanis
1171 1275 1275 1349 linee
1297 1273 1355 1348 hic
1377 1272 1512 1350 censeri
1531 1299 1606 1370 pos.

451 1383 534 1458 sunt
552 1381 647 1456 duci.
702 1403 731 1454 r.
747 1378 866 1478 Quia,
887 1401 929 1451 ex
947 1400 1017 1472 quo
1033 1374 1137 1469 Judas
1156 1371 1378 1457 Maccabeos
1393 1371 1532 1448 causam
1546 1398 1606 1468 po

451 1483 524 1575 puli
547 1477 658 1572 judaei
680 1479 791 1572 palam
813 1479 845 1549 dt
869 1478 972 1550 armis
995 1471 1167 1568 adgressus
1182 1469 1234 1544 eil
1255 1469 1454 1560 vindicare,
1481 1469 1605 1548 Antio·

452 1579 538 1652 ehus
574 1596 751 1668 nunquam
781 1577 816 1648 in
840 1574 958 1666 Judaea
980 1567 1246 1664 representatur
1268 1568 1423 1642 inlibris
1446 1568 1605 1646 Maccab,

453 1675 488 1748 dt
518 1673 609 1767 apud
635 1671 847 1766 josephum,
882 1669 977 1766 quod
1000 1684 1121 1742 tamen.
1139 1667 1196 1739 hie
1219 1665 1311 1740 e'lare
1336 1665 1520 1753 innuitur,
1550 1667 1608 1744 sed

452 1773 644 1866 perduces
662 1789 796 1844 tantum
814 1769 958 1843 bellavit
972 1789 1053 1842 cum
1070 1763 1263 1838 Chasrdaeis.
1312 1760 1394 1838 Nec
1411 1765 1455 1836 ab
1469 1762 1545 1839 ullo
1558 1765 1608 1838 hi·

453 1866 584 1950 storico
596 1919 605 1944 ,
619 1870 821 1960 Aegyptum
840 1865 979 1953 denuo,
990 1862 1170 1957 postquam
1187 1860 1381 1936 aRomanis
1396 1859 1607 1955 ejefiluseli,

415 1975 420 1982 “
452 1961 612 2058 petiisse,
634 1964 804 2048 traditur3
831 1977 956 2036 contra
979 1959 1142 2035 discessus
1169 1957 1232 2032 iste
1247 1979 1327 2036 curn
1346 1976 1485 2049 morte,
1512 1960 1607 2038 dein-

453 2081 536 2154 ceps
565 2061 704 2148 l'ecuta,
731 2059 966 2132 connectitur.
1018 2055 1385 2151 Reuersnsr'nregnrlm
1400 2055 1607 2150 Antioche,

449 2158 567 2254 inquit
597 2155 751 2250 Justinus
779 2177 817 2246 a,
850 2158 994 2242 decedit,
1036 2153 1144 2226 reliiio
1167 2158 1310 2250 paruulo
1332 2156 1501 2258 adnmdum
1520 2153 1605 2250 fillo.

453 2279 488 2330 2.
513 2255 610 2355 Quia
629 2255 698 2329 hoc
721 2253 796 2349 ipso
820 2269 1007 2348 tempore,
1041 2252 1162 2346 quoin
1180 2249 1603 2350 Judeandtnegyptun

370 2353 377 2364 '
452 2352 641 2442 movisset,
668 2352 730 2425 suh
751 2348 863 2426 finem
879 2353 977 2449 regni
994 2401 1011 2440 ,
1029 2353 1109 2425 otio
1128 2347 1274 2426 &luxui
1291 2348 1458 2439 sededit,
1484 2351 1603 2449 genio.

452 2473 521 2548 que
545 2451 641 2525 adeo
656 2449 815 2538 indulfit,
840 2465 879 2524 ut
899 2471 987 2542 opes
1003 2448 1120 2522 insane
1134 2445 1373 2543 dissipaverit,
1400 2466 1606 2544 nomenque

451 2549 563 2646 insani
583 2553 776 2634 meruerit,
811 2545 957 2644 inspersis
977 2547 1191 2640 adpellatus,
1218 2545 1341 2622 &nun
1356 2549 1508 2642 amplius
1521 2547 1605 2644 Epi·

375 2715 378 2722 .
446 2651 591 2748 planes,
625 2649 674 2721 uti
698 2643 973 2740 spenaculomm
995 2645 1027 2717 d
1052 2645 1245 2733 ludorum,
1271 2645 1365 2718 circa
1379 2644 1447 2720 hoc
1464 2662 1607 2740 ternpus

450 2747 677 2836 habitorum,
710 2741 899 2836 descriptio
927 2742 1023 2836 apud-
1042 2742 1279 2830 Athenaeum,
1306 2739 1411 2834 supra·
1432 2743 1608 2834 citatum,

450 2843 594 2914 edocet.
646 2863 678 2930 3.
696 2839 852 2923 Bellum,
878 2840 973 2932 quod
993 2859 1073 2911 cum
1088 2837 1391 2930 juda-Maccahaeo
1406 2834 1523 2934 gerris,
1549 2842 1608 2917 ni-

375 2973 382 2992 =
450 2938 517 3014 mis
546 2934 615 3010 fuit
638 2933 916 3025 improsperum,
948 2933 1104 3007 vidioriae
1128 2933 1248 3029 June,
1283 2936 1355 3012 fine
1373 2937 1599 3030 interruptio

449 3053 520 3118 ne,
561 3031 663 3107 nimis
689 3031 882 3126 gloriose„
905 3045 1008 3125 quam
1038 3046 1080 3106 ut
1100 3047 1222 3109 terram
1244 3036 1383 3125 decoris,
1413 3034 1602 3114 maximam

450 3143 618 3224 partem,
647 3124 864 3225 subjugasse,
904 3146 944 3203 ut
978 3129 1067 3205 vers.
1091 3153 1150 3219 41.
1190 3128 1365 3226 requirit,
1398 3130 1466 3206 dici
1488 3131 1601 3227 possit.

450 3249 486 3318 4.
512 3223 711 3298 Parthorum
732 3247 874 3320 quoque
896 3225 1179 3302 &Armeniorum
1192 3244 1333 3318 motus,
1359 3251 1512 3324 quorum
1530 3252 1602 3311 me·

450 3325 631 3400 minemnt
658 3321 853 3413 ilistorici,
897 3323 1039 3405 illorum
1066 3325 1213 3402 Tacitus
1233 3331 1279 3414 l,
1317 3327 1449 3404 horum
1470 3329 1602 3422 Appia.-

451 3443 518 3496 nus
534 3443 571 3510 c,
596 3443 661 3514 per
684 3441 826 3504 remores
843 3425 963 3495 illusere
987 3423 1122 3496 Oriente
1137 3423 1179 3507 ἐφ’
1198 3423 1424 3518 septentrione
1441 3423 1527 3508 vers.
1540 3447 1602 3517 rh

451 3520 534 3609 virt,
560 3521 653 3612 quod
673 3535 793 3594 tamen
817 3521 892 3595 haec
918 3521 1126 3615 hprpothefis
1146 3523 1311 3616 requirit,
1350 3525 1502 3624 intelligi
1524 3545 1601 3618 poss

449 3616 550 3706 sunt,
579 3641 660 3694 curn
677 3619 773 3714 quod
790 3617 1234 3696 Partlrurummotusuulli
1252 3619 1409 3710 inerint,
1430 3624 1601 3699 Armenio

448 3737 522 3789 earm
540 3737 630 3790 vero
645 3737 725 3792 eum
744 3739 823 3792 non·
837 3719 1199 3816 leganturintantum
1219 3720 1408 3810 conjecisse
1424 3717 1602 3814 consterna·

313 3907 316 3914 Δ
378 3850 383 3858 -
450 3813 590 3906 honum,
617 3835 684 3890 nec
702 3839 721 3890 a
737 3813 864 3910 Judaeis
881 3817 1122 3912 opprimendis
1140 3814 1390 3910 abstraxerint,
1415 3836 1459 3894 ut
1473 3821 1528 3892 hic
1544 3819 1598 3891 hu·

571 3943 792 3967 ·
922 3939 1016 3966 ···
1182 3963 1186 3968 -
1345 3953 1375 4002 a
1473 3919 1595 4014 teir,

401 4056 408 4068 «
486 3999 790 4110 summas
860 3987 1159 4101 rumines.
1208 3991 1521 4118 “'csyspms
