3416 4746
358 361 580 488 ···r1>‹·o
629 413 664 491 A
711 411 762 494 N.
837 432 899 506 rr:
948 431 1034 512 yvo,
1207 395 1283 514 5032

143 649 163 688 ‚3
182 585 214 676 §.
232 577 391 657 LXXIV.
419 581 528 680 Quod
549 581 711 658 ultimum
733 582 904 658 Antiochi
925 584 1115 669 molimen,
1149 583 1278 659 saturn·

157 704 222 770 ue,
247 681 298 752 his
315 679 431 752 verbis
446 681 705 772 praenunciatur
721 681 808 753 vers.
831 703 883 771 19.
907 680 957 754 Et
971 696 1131 776 retroaget
1147 685 1282 772 eastum¹

114 703 223 875 Ιῗιιιιιη
243 779 285 850 ad
296 773 454 944 perfupio
467 777 681 873 terroesuae,
699 775 751 866 h&
765 773 902 872 offendet
919 777 962 862 ἐξ
977 780 1090 866 cudat,
1114 783 1279 862 necinve-

130 885 272 951 nietur:
304 873 341 946 id
369 876 404 944 ei
435 923 447 963 ‚
480 877 644 965 vultum,
675 898 782 968 quern
805 875 912 948 modo
936 876 979 948 ad
1001 874 1126 947 insulas
1149 887 1279 970 magno

130 993 214 1048 curn
237 973 375 1063 impetu
395 967 556 1044 audacter
576 989 765 1065 verterat,
788 994 882 1045 nunc
904 973 1045 1064 pudoris
1059 993 1099 1044 ac
1118 971 1280 1064 despera.

129 1069 240 1144 tionis
255 1067 349 1166 signa
364 1065 632 1160 praeferentem,
657 1084 877 1140 retrovertct
891 1071 933 1142 ad
949 1071 1021 1144 suas
1036 1071 1194 1160 proprias
1212 1085 1281 1140 ter·

131 1189 212 1252 ras,
246 1164 506 1256 circumspiciet
529 1164 607 1238 loca
630 1167 785 1251 munito,
818 1163 933 1253 sacra,
965 1164 1095 1237 divitiis
1119 1165 1223 1258 plena
1246 1164 1282 1238 dc

131 1259 360 1347 securissima,
386 1270 574 1356 vestesque
598 1261 641 1336 ad
665 1284 762 1336 arces
778 1261 974 1336 limitaneas
994 1280 1126 1350 terrae,
1153 1279 1191 1336 ut
1206 1261 1281 1334 the·
1397 1283 1400 1300 ·

131 1355 256 1439 sauros
271 1359 353 1433 inde
367 1363 504 1454 rapiat,
531 1381 655 1454 resque
672 1357 747 1433 suas
765 1360 932 1456 collapsas
950 1359 1120 1434 restituat.
1152 1349 1282 1456 'Quod

123 1459 147 1532 i
173 1457 248 1533 sum
262 1457 299 1532 in
318 1453 510 1556 graviffima
525 1457 692 1550 conjiciet
706 1457 926 1547 discrimina,
953 1480 1031 1554 quae
1045 1458 1128 1530 vitae
1143 1457 1280 1530 cursum

161 1558 280 1642 nient,
306 1551 341 1630 &
364 1555 453 1628 mala
467 1573 583 1629 morte
597 1555 708 1649 ipsum
728 1557 890 1648 perdent.
951 1557 1032 1629 Vox
1058 1579 1171 1640 oropo,
1197 1575 1282 1626 ara·

131 1650 213 1744 dice
237 1680 280 1740 op
294 1649 446 1748 confugit
469 1653 515 1728 ad
535 1656 656 1742 robur,
679 1653 725 1726 ad
746 1654 866 1731 Deum
881 1674 1138 1736 averruncum,
1164 1651 1206 1723 ad
1229 1673 1281 1722 ar·

130 1773 244 1840 cem,
267 1769 327 1826 aut
349 1751 509 1842 asylum,
538 1751 592 1826 uti
614 1749 666 1824 Cl.
688 1751 875 1826 Schultens
895 1773 913 1810 a
931 1774 976 1825 ess
991 1751 1143 1824 Arabica
1162 1749 1280 1845 lingua

127 1845 352 1942 adfirmavit,
376 1849 457 1922 soca
480 1848 617 1923 munita
638 1849 673 1922 dc
695 1848 808 1942 asyla,
833 1848 963 1923 divitiis
986 1847 1206 1922 adservandis
1223 1869 1282 1940 ap·
1334 1921 1341 1930 ,

125 1965 189 2036 ta,
214 1969 291 2046 quae
314 1937 470 2040 personis
486 1945 1071 2040 &rebussecuritatempraestant,
1095 1945 1280 2018 denotant.

126 2045 231 2146 Sicut
250 2044 326 2143 'hloc
349 2040 426 2212 ipso
451 2050 555 2140 capite
579 2041 825 2137 Hierosolyma
846 2073 927 2132 upon
942 2040 1284 2154 responsant'suarr'ttm

129 2133 283 2236 aspirem,
303 2162 391 2212 ver.
409 2161 466 2232 3¹·
493 2141 527 2213 dt
550 2137 647 2213 Deus
673 2142 931 2234 onpncsylorum
954 2141 988 2211 dc
1003 2141 1136 2219 arcium
1154 2137 1282 2212 sandia-

130 2259 217 2315 rurn
244 2257 287 2309 ae
307 2235 620 2324 thesaurariorum,
654 2237 744 2314 vers.
769 2241 824 2328 38.
883 2231 1011 2306 Phrasrs
1037 2257 1144 2321 ver0,
1177 2241 1286 2306 munh

131 2347 247 2408 menta
274 2347 402 2420 terrae,
434 2353 499 2406 nos
522 2329 565 2404 ad
587 2331 668 2404 loca
690 2333 866 2406 limitanea
888 2329 1032 2424 proprie
1054 2330 1173 2420 ducit,
1207 2352 1288 2422 quse
1360 2365 1363 2370 ·

131 2426 299 2505 hostilem
321 2429 500 2504 interram
515 2427 549 2501 dt
564 2450 710 2526 regnum
726 2425 912 2526 ingressum
928 2427 1125 2520 impediunt
1141 2477 1152 2516 ,
1179 2429 1285 2500 adco-

92 2579 97 2584 -
133 2529 206 2624 q'ue
232 2542 361 2602 terram
384 2540 497 2600 totana
523 2527 743 2601 muniunt&
768 2525 925 2615 firmant3
961 2539 1001 2598 ut
1018 2539 1129 2618 portae
1155 2540 1283 2614 terrae,

133 2617 279 2718 claustra
302 2625 336 2696 tr
357 2647 447 2695 arcer
464 2637 578 2698 terrae.
629 2622 747 2720 Quem
763 2623 861 2698 usum
878 2623 910 2696 δι
927 2622 984 2694 hic
1001 2622 1174 2708 admittit,
1201 2645 1287 2696 cum

125 2717 255 2818 fanum
279 2718 382 2820 Jouir
402 2719 581 2822 Elymaei,
621 2719 708 2812 teste
730 2720 900 2809 historia,
933 2719 1070 2793 adierit.
1127 2719 1184 2793 Ad
1208 2721 1311 2792 haee

132 2823 215 2897 loca
237 2821 299 2895 ubi
320 2823 452 2893 vultum
470 2833 596 2892 vertere
610 2819 760 2909 dicitur,
785 2843 826 2894 ea
842 2817 954 2910 ipsum
971 2818 1187 2910 potiturum,
1212 2818 1281 2888 adi·
1346 2822 1349 2832 “

133 2935 354 3009 tutumque,
378 2939 453 2991 non
475 2910 676 3012 srmpliciter
696 2914 928 3013 significatur,
960 2915 1017 2988 sed
1038 2937 1071 2992 a.
1087 2936 1168 2988 eunt
1183 2931 1282 2987 retro

132 3014 293 3090 acturum
311 3014 470 3105 vultum,
497 3013 529 3085 ἃ
550 3014 677 3108 pedem
696 3017 889 3092 relaturum
906 3011 975 3086 esse
990 3015 1031 3086 ad
1049 3013 1197 3107 proprior
1213 3030 1282 3084 ter·-

134 3133 186 3188 rae
209 3111 308 3210 ioca,
335 3111 453 3200 relate
466 3109 509 3180 ad
528 3111 774 3202 expeditiones
796 3114 832 3184 in
850 3111 1043 3186 remotiora
1057 3109 1091 3180 ἂ
1105 3110 1217 3182 alienu
1231 3111 1282 3182 lo·

135 3229 209 3296 ca,
232 3204 275 3278 ad
300 3225 377 3298 quae
401 3205 541 3276 vultum
564 3219 668 3278 antea
691 3205 861 3278 hostiliter
884 3207 917 3276 dc
941 3208 1086 3297 superhe
1112 3223 1292 3282 verterat..

134 3299 303 3398 Verbum
328 3321 382 3374 ssu
399 3348 411 3386 ,
437 3300 473 3371 in
497 3301 592 3392 aquis
607 3297 923 3373 effervescentibus
937 3322 977 3371 ac
992 3298 1215 3374 aesttrantibus
1232 3319 1283 3376 te-

135 3399 174 3500 ri
194 3399 353 3488 solitum,
383 3413 425 3469 ut
446 3391 545 3492 supra
565 3396 708 3482 notavi,
734 3419 831 3489 aeque
854 3396 896 3467 ad
921 3404 1140 3468 crescentem
1165 3421 1205 3470 ac
1227 3401 1285 3471 dc·

136 3511 382 3582 crescentem,
409 3491 442 3566 &
469 3493 512 3566 ad
537 3493 677 3570 alveum
694 3491 792 3568 suurn
811 3493 1040 3579 redeuntem,
1068 3513 1193 3584 aquam
1212 3493 1282 3568 soso

137 3592 271 3682 flectit,
305 3593 463 3686 adeoque
484 3593 623 3664 reditum
646 3591 689 3664 ad
709 3594 872 3685 proprios
897 3591 985 3663 lares
1006 3590 1178 3667 involvit:
1213 3617 1284 3686 quo

137 3692 175 3766 dr
196 3689 284 3766 illud
308 3688 440 3776 tendit,
470 3687 564 3782 quod
587 3711 685 3763 arces
709 3705 813 3764 terroe
833 3691 902 3784 ejus
916 3685 1073 3783 expresse
1087 3711 1286 3766 memoren-

138 3805 221 3878 tur,
246 3785 404 3886 opposrte
429 3787 471 3862 ad
498 3785 633 3881 insulas.
682 3791 712 3862 h.
742 3785 878 3861 Vultum
904 3801 1117 3864 retroversus
1145 3812 1285 3884 quoque

1017 3899 1025 3916 “
1184 3891 1286 3964 trude.

189 4025 205 4067 c
230 4003 266 4068 ad
284 3981 379 4069 Haris.
402 4007 476 4069 cons.
501 4023 546 4067 rv.
568 4025 596 4086 p.
619 4013 668 4082 67.
695 4005 779 4069 &ad
799 4007 884 4071 Prov.
905 4023 975 4071 xrs:
999 4011 1046 4069 26.
