3462 4770
425 398 519 477 206·
588 367 1442 480 nrss·aa··r·or:r··ou·its„

431 592 621 681 propterea
644 581 745 677 'quod
768 602 839 676 prae
865 595 964 656 metu
991 529 1173 654 Persarum
1200 580 1356 672 partibue'
1380 577 1547 658 faverent
1559 590 1578 670 ‚⁴
1726 659 1727 672 ,

431 681 518 756 teste
548 679 669 772 Polyb.
695 681 717 752 l.
745 701 801 753 tv.
829 702 863 772 p.
887 699 964 770 4¹7·
996 677 1079 769 quid
1101 679 1289 766 evenerit,
1315 677 1390 768 quis
1408 675 1479 750 fine
1496 680 1579 752 hor·
1726 687 1727 692 ’

432 799 515 850 rore
540 776 696 873 legerit?
729 776 834 848 Nulla
855 791 931 848 erat
952 775 1043 867 apud
1067 772 1217 846 viilores
1241 771 1424 865 miseratio,
1448 798 1505 854 net
1531 778 1581 846 di-
1726 803 1727 884 p

435 897 488 959 es,
513 879 662 969 quumvis
686 875 801 968 longo,
834 875 875 944 ad
897 873 1084 965 explendum
1105 868 1329 963 trudeliffirnue
1356 871 1519 944 pandiae
1538 876 1580 944 li-

434 973 572 1045 lu'dinem
584 966 795 1064 sufficiebam
834 985 875 1040 ut
896 965 1173 1066 habet-Diodor.
1197 968 1263 1041 Sic.
1289 968 1313 1040 l.
1342 988 1474 1040 xvrrr.
1500 989 1598 1064 pag..
1725 959 1727 986 ¹

436 1089 520 1161 497.
545 1068 603 1159 qui
632 1065 784 1139 detristi
808 1067 877 1138 hoc
901 1067 995 1138 urbis
1023 1064 1127 1150 lato,
1163 1063 1460 1138 &Macedonum
1485 1065 1580 1136 l'aevi-

432 1166 504 1252 tia,
530 1163 579 1235 cli
599 1164 793 1258 legendus,
820 1177 985 1236 necnon
1012 1161 1150 1236 Atrion.
1178 1181 1209 1232 r.
1232 1181 1310 1256 pag.
1336 1183 1395 1234 20.
1411 1161 1468 1248 de,
1494 1183 1581 1253 prae·

437 1279 493 1336 ter
508 1261 593 1334 alios
612 1261 802 1333 Alexandri
818 1257 1017 1343 historicos,
1042 1257 1170 1330 AElian.
1187 1255 1233 1328 V.
1255 1257 1302 1330 H.
1317 1280 1354 1330 xi
1368 1278 1380 1328 r
1394 1269 1473 1348 πῖ.
1499 1257 1583 1331 Nec

435 1360 552 1434 minor
573 1355 643 1432 fuit
663 1357 774 1448 Tyri,
800 1358 844 1430 ab
867 1355 1068 1428 Alexandro
1082 1368 1307 1450 expugnate,
1333 1352 1481 1427 miseria.
1513 1353 1583 1426 Ur-

435 1457 481 1530 be
505 1457 601 1530 enim
630 1473 673 1524 ex
699 1459 828 1548 ugna'ta
853 1454 886 1524 dr
908 1452 1059 1524 caedibus
1085 1451 1251 1543 .repleta,
1289 1471 1413 1525 omnes
1439 1453 1582 1546 juvenes

426 1551 598 1646 suspendio
618 1551 659 1621 ad
679 1550 736 1622 ein·
759 1549 838 1622 sunt
861 1548 1051 1621 secundum
1074 1547 1182 1621 Diod.
1208 1547 1275 1622 Sic.
1299 1569 1405 1621 xvir.
1435 1570 1470 1642 p·
1498 1570 1582 1638 524.

285 1693 292 1706 ι
436 1646 657 1734 Alexander,
691 1651 858 1740 exceptis,
889 1650 1008 1742 quiin
1043 1642 1173 1740 Templo
1198 1641 1441 1740 confugerant,
1478 1667 1584 1720 omnes

437 1741 604 1837 interfici,
629 1747 794 1838 ignemque
820 1744 909 1814 tedis
935 1741 1029 1838 injici
1045 1744 1157 1836 jubat,
1187 1742 1301 1833 inquit
1330 1739 1431 1816 Curt.
1465 1761 1524 1816 1v:
1545 1766 1583 1832 4.
1654 1819 1656 1822 ,

439 1842 498 1934 qui
526 1859 611 1921 mox
643 1838 766 1927 addit,
798 1841 857 1912 duo
876 1843 1009 1925 millio,
1042 1841 1213 1934 inquibus
1239 1840 1400 1912 occidendi
1422 1837 1586 1928 defecerat

438 1939 569 2024 rabies,
609 1939 755 2006 crucibus
779 1934 882 2028 adfixi
900 1951 959 2031 per
981 1939 1096 2027 ingens
1125 1938 1247 2005 littoris
1259 1932 1408 2029 spurium
1431 1939 1586 2030 pepende-

438 2047 529 2122 runt.
586 2029 741 2128 Triginta
761 2055 851 2106 vero
876 2036 984 2104 miliia
1005 2029 1107 2114 inille
1127 2033 1356 2116 venundata,
1390 2031 1497 2106 tradit
1519 2032 1587 2108 Ar·

439 2131 524 2204 rian.
553 2149 610 2203 rr.
630 2151 662 2222 p.
683 2137 761 2204 roo.
817 2130 922 2202 Gazae
941 2128 1157 2223 expugnatio
1193 2147 1246 2199 ro.
1271 2125 1417 2202 millium
1444 2131 1584 2218 cades,

439 2227 836 2319 r'eliquis'venundatis,
860 2224 977 2300 secum
1000 2225 1114 2300 traxit.
1153 2222 1355 2297 Preieiius
1380 2243 1469 2299 vero
1489 2228 1599 2300 urbis'

440 2324 560 2414 Botis,
586 2324 642 2395 vir
666 2321 890 2409 fortillimus,
916 2319 1142 2420 indigniffime
1165 2321 1198 2393 a
1220 2318 1447 2396 crudeliffime
1465 2322 1587 2398 tratta-

440 2441 522 2509 tus,
546 2421 747 2495 Alexandro
775 2418 911 2493 saevitiae
932 2437 1061 2492 notam
1076 2419 1255 2513 ingentem
1279 2415 1419 2508 inullit,
1446 2421 1587 2496 Arrian.
1725 2457 1727 2518 g

441 2519 471 2591 l·.¹
488 2539 541 2590 11.
568 2540 645 2610 pag.
670 2525 745 2588 1'02.
774 2517 881 2589 Diod.
905 2519 927 2587 l.
952 2535 1060 2588 xvrr.
1085 2513 1188 2588 Curt.
1215 2533 1269 2588 tv:
1292 2523 1327 2588 ό.
1357 2515 1483 2592 otalii.
1509 2518 1587 2606 Sic,
1726 2545 1727 2558 ¹

443 2609 607 2706 Persepoli
626 2619 747 2699 capta,
761 2628 869 2704 ‘neque
891 2615 1041 2684 auaritia
1055 2609 1163 2704 solum
1178 2660 1190 2697 ,
1207 2606 1267 2704 sed
1292 2617 1389 2684 etiarn
1410 2616 1589 2700 urtdeiitut
1725 2637 1727 2690 f

444 2709 481 2780 in
503 2709 579 2778 urie
599 2703 744 2800 groffiuu
768 2703 838 2796 esi,
863 2705 1037 2798 aithurt.
1056 2727 1090 2779 v:
1107 2709 1139 2779 6.
1161 2705 1264 2780 Viros
1281 2729 1385 2782 onmes
1394 2707 1502 2806 [unffi
1519 2725 1589 2782 tru-
1726 2755 1727 2758 =

446 2801 567 2873 ridetur
583 2850 596 2889 ,
614 2800 670 2872 ·&
700 2801 933 2875 calamitatem
962 2803 1057 2876 urbis
1087 2823 1159 2896 pra
1183 2805 1329 2899 'reliquis
1356 2805 1460 2880 inille
1489 2806 1590 2902 iolig·¹
1721 2787 1727 2904 ,⁴

445 2917 556 2984 nem,
582 2897 688 2982 tradit
712 2897 816 2970 Diod.
835 2897 903 2970 Sic.
933 2921 968 2991 p.
991 2919 1072 2990 545.
1122 2899 1222 2974 Urbe
1249 2903 1439 2994 indorum,
1461 2903 1497 2978 in
1527 2924 1590 2978 cu,
1726 2923 1727 2974 i

443 2995 500 3085 jus
515 2996 778 3088 oppugnatione
794 2994 992 3070 Alexander
1008 2998 1134 3070 vulnus
1152 2999 1308 3090 accepit,
1335 3016 1458 3092 cepta,
1485 3015 1589 3095 quot·
1682 3028 1689 3034 ·
1726 2999 1727 3004 ’

447 3105 534 3182 quot
557 3095 632 3162 uiui
655 3095 691 3164 in
715 3111 836 3164 manus
853 3093 1092 3168 Macedonum
1110 3112 1310 3186 uenerunt,
1336 3100 1495 3170 trucidati
1509 3096 1590 3183 sunt

446 3187 585 3260 Arrian.
613 3195 667 3259 ru.
719 3191 830 3277 .184.
860 3187 968 3266 Curt.
991 3194 1099 3264 vrri:
1128 3211 1223 3279 to.·,¹
1245 3196 1306 3283 qui
1331 3193 1456 3285 addit,
1489 3199 1590 3267 etiarn

445 3287 482 3357 iit
508 3286 587 3357 teliu
602 3281 664 3376 fui
691 3308 707 3355 a
722 3281 891 3377 sevirum.
916 3373 919 3380 Ι
940 3287 1060 3363 Sambi·
1080 3308 1218 3380 quoque
1231 3293 1388 3384 :regnum
1411 3289 1590 3384 pervasta-

446 3383 527 3468 vit,
558 3381 592 3454 ἃ
618 3385 785 3477 plerusque
810 3387 930 3470 urbes,
958 3387 1161 3456 venundatis
1189 3389 1342 3478 ciuilia,
1363 3395 1526 3464 euertit:
1557 3387 1589 3461 dr

447 3479 665 3551 Burburorum
680 3482 756 3572 plus
779 3483 833 3553 80.
854 3485 951 3552 inilia
978 3472 1111 3553 dtinuit.
1135 3479 1242 3553 Diod.
1268 3483 1336 3558 sic.
1359 3507 1392 3578 p.
1409 3488 1491 3576 569.
1518 3483 1589 3565 De·

445 3575 578 3666 nique,
605 3596 649 3647 ne
671 3575 842 3666 prolixior
864 3576 945 3663 fini,
971 3577 1162 3673 Sogdianos
1187 3579 1335 3654 rebelles
1359 3581 1524 3664 domuit,
1553 3580 1588 3656 δι

446 3672 562 3760 plures
591 3691 694 3760 otram
719 3692 777 3742 re.
799 3673 959 3766 myriades
986 3674 1136 3759 occidit,
1169 3691 1207 3748 ut
1232 3675 1337 3750 habet
1361 3683 1476 3750 lemma
1501 3677 1589 3749 Dio-

446 3763 522 3835 dori
545 3766 611 3837 Sic.
634 3789 668 3859 p.
692 3769 774 3854 484.
823 3768 1039 3844 Gullaeorurn
1059 3791 1202 3861 quoque
1224 3791 1387 3866 gentem,
1414 3777 1457 3846 ud
1470 3777 1590 3848 bellum

441 3875 594 3980 tanguam
621 3865 823 3937 uenationem
844 3867 1005 3940 hominurn
1031 3863 1196 3966 tgreffus,
1215 3872 1384 3966 eruut„
1412 3876 1448 3950 ἃ
1470 3875 1514 3944 ad
1538 3877 1590 3955 in,

439 3986 442 3994 ·
509 3991 513 3998 -
1021 3979 1075 4022 υ.
1522 3982 1586 4044 ter.
