3444 4778
417 391 490 490 ,rt
600 376 1397 463 commemoremus

417 565 576 668 pluribus
600 583 755 660 agemus.
802 559 887 659 Quo
904 557 1015 650 facit,
1046 524 1143 652 quod
1152 569 1299 652 paruum
1312 579 1412 630 cornu
1428 553 1462 630 se
1477 571 1569 630 extro

420 663 489 763 liffe
514 662 641 734 dicitur
664 676 791 732 contra
802 663 982 754 principem
995 661 1199 752 principum,
1225 676 1300 748 cap
1320 676 1474 744 vncos.
1501 677 1574 730 nec

417 784 515 848 nort,
542 757 637 852 quod
661 779 758 852 usque
778 757 820 828 cd
838 759 1017 851 principem
1034 758 1193 825 exercitus
1210 755 1302 824 illius
1310 751 1377 848 sese
1393 757 1568 845 extulerit,
1606 833 1609 838 ,

420 857 463 943 &⁵
483 861 522 929 olr
544 855 608 952 ipfh
631 852 800 947 adficient
818 855 919 950 juge,
952 849 995 935 &⁹
1013 851 1187 947 prop'eiium
1197 849 1244 942 fit
1262 848 1569 946 habitaculumsou·

420 959 543 1030 ilitotit
570 955 669 1048 ejus,
706 971 738 1024 c.
763 971 843 1024 vnn
875 971 930 1022 ιι.
955 949 1014 1022 ubi
1037 948 1152 1020 videri
1175 947 1281 1020 velim
1307 945 1392 1020 Diti
1416 947 1572 1024 nostram

409 1053 542 1152 sextam
564 1071 580 1110 a
602 1050 646 1122 ad
663 1053 829 1122 vaticinio
841 1046 1007 1120 Danielis.
1062 1043 1171 1143 Quod
1187 1044 1298 1138 ipsum
1315 1045 1403 1118 vers.
1422 1068 1481 1138 3¹·
1508 1067 1570 1120 no·

419 1149 479 1223 stri
503 1169 578 1240 cap.
601 1143 759 1240 exprelle
784 1143 986 1239 praedictum
1014 1142 1135 1218 exstat.
1188 1143 1332 1216 Addere
1359 1143 1488 1230 liceat,
1513 1143 1571 1216 du·

420 1271 486 1321 cem
501 1244 647 1336 foederis
667 1265 713 1317 eo
735 1244 849 1336 aptius
870 1243 937 1315 dici
953 1239 1101 1332 studium
1125 1261 1210 1314 cum
1235 1238 1292 1314 sua
1314 1244 1573 1336 glomeratione,
1594 1273 1612 1290 ··

421 1344 536 1440 quod,
571 1345 747 1413 theocrotio
778 1361 859 1413 cum
884 1341 1017 1436 legibus
1041 1339 1074 1412 u
1097 1341 1245 1410 libertale
1268 1340 1388 1430 populi
1411 1341 1570 1427 abolita,

420 1442 541 1536 Judaea
562 1438 673 1511 fuerit
693 1437 825 1529 Syriae,
849 1437 954 1511 instar
974 1435 1190 1530 provinciae,
1227 1433 1379 1528 adjecto,
1406 1437 1440 1510 dc
1462 1438 1570 1530 impe·

420 1541 481 1612 rio
501 1539 618 1610 alieno
640 1537 782 1627 Syriaco
805 1537 949 1628 ejusque
973 1536 1104 1631 legibus
1131 1535 1233 1626 plane
1253 1531 1427 1625 lubjedia,
1454 1550 1495 1608 ut
1510 1537 1573 1608 olii

421 1635 563 1709 Domini
585 1648 708 1729 proter
729 1629 915 1730 Jelrouom,
949 1631 1148 1725 supremum
1170 1631 1320 1720 ducem,
1353 1631 1385 1702 ei
1408 1629 1571 1726 imperiose

422 1729 678 1824 durtinotissnt,
704 1730 895 1805 secundum
912 1732 1137 1814 vaticinium,
1164 1729 1205 1800 ad
1220 1729 1288 1800 hoc
1304 1727 1413 1822 ipsum
1429 1745 1572 1822 tempus

421 1829 629 1928 pertinens,
659 1825 727 1921 Jes.
752 1849 854 1902 xxvi:
879 1849 932 1920 13.
991 1857 1031 1922 p.
1054 1825 1082 1896 F
1084 1823 1193 1900 ratius
1216 1825 1368 1920 denique
1391 1825 1441 1898 est
1455 1825 1569 1919 supre-

422 1951 500 2004 mtto
533 1925 688 2001 foederis
719 1923 789 1999 dux
812 1945 892 2000 cum
916 1922 974 2000 sua
995 1924 1253 2019 glomeratione
1276 1924 1315 1997 in
1336 1939 1416 1997 toto
1435 1923 1573 2016 populo

422 2024 550 2100 misere
569 2019 729 2112 adfliiio,
764 2019 907 2110 occis0,
941 2021 1108 2116 spoliato,
1144 2019 1383 2114 &diffipato,
1408 2019 1573 2096 universa

424 2122 572 2195 civitate
595 2121 699 2214 plane
722 2117 835 2193 soluta
856 2117 1126 2213 &peliundatm
1153 2117 1226 2192 aliis
1247 2119 1354 2194 etiam
1368 2119 1576 2216 areligioue

425 2215 696 2308 de'ficientibus3
735 2217 773 2289 in
794 2216 915 2312 primis
936 2218 974 2291 in
993 2216 1168 2311 preclaris
1189 2215 1254 2290 illis
1277 2217 1394 2313 legum
1416 2215 1579 2292 studiosos

425 2337 467 2389 ac
488 2317 634 2406 zelotis,
660 2337 749 2410 quos
763 2310 967 2412 autecefflrres
984 2335 1125 2409 quoque
1137 2309 1282 2404 foederis
1297 2314 1462 2408 adpellari
1478 2314 1579 2409 polle

424 2414 539 2491 ruodo
557 2412 766 2504 observavi,
792 2414 961 2506 martyrio
978 2409 1282 2508 pertimuimus,
1302 2412 1431 2507 partim
1442 2414 1578 2507 patria,

425 2509 685 2606 &pollesslone
708 2510 786 2598 sua,
812 2508 974 2586 excuffis.
1019 2509 1111 2608 Quae
1132 2509 1272 2597 omnia,
1297 2532 1382 2584 mox
1398 2511 1502 2586 latius
1517 2511 1575 2584 de·

424 2609 610 2698 ducenda,
636 2609 722 2680 licet
739 2604 870 2700 phrasi,
887 2603 995 2697 fruiti
1017 2609 1107 2680 ducis
1116 2603 1282 2697 foederis,
1307 2606 1402 2681 reiie‘
1416 2630 1581 2703 compre·

423 2707 645 2790 hendantur,
672 2717 712 2776 ut
727 2725 769 2776 ex
784 2703 882 2777 ditiis
898 2703 1001 2778 facile
1015 2704 1178 2797 adparet,
1202 2703 1379 2780 faciliores
1395 2707 1577 2782 tamenin·

424 2804 585 2880 telledius
607 2800 704 2874 forte
725 2799 919 2887 haberent,
950 2801 1123 2876 unomen
1139 2805 1323 2896 depopulat
1338 2820 1422 2877 ante
1440 2826 1569 2878 uuon-

424 2895 602 2993 tctefforem
624 2907 746 2970 mente
763 2897 995 2992 intelligatur3
1022 2897 1119 2990 quod
1131 2899 1291 2974 omilium
1306 2900 1442 2976 censeri
1460 2899 1572 2993 pollet

423 3007 579 3091 propter
597 2994 764 3068 voculam
786 2993 941 3086 ejusdem
965 2994 1043 3067 iere
1062 2993 1135 3070 soni
1153 3024 1214 3086 nt,
1241 2999 1284 3072 ab
1299 3019 1340 3072 ea
1354 2997 1572 3092 absorptum.

424 3089 609 3184 Utique&
630 3087 733 3185 supra
749 3113 780 3166 c.
796 3114 872 3167 vm:
889 3113 949 3183 24.
972 3091 1100 3168 diserte
1115 3111 1333 3173 memoratur
1350 3124 1444 3210 worp
1462 3123 1500 3184 up
1514 3113 1571 3196 po·

418 3193 522 3290 pultes
536 3187 748 3286 fhnittrum,
775 3188 809 3264 u
835 3189 906 3264 hoc
928 3187 1004 3284 ipso
1026 3193 1142 3287 eapite
1166 3217 1203 3269 v.
1224 3215 1284 3287 3²·
1303 3196 1568 3293 populosoguot·
1707 3203 1708 3222 ¹

424 3291 568 3365 centium
590 3285 700 3360 Deum
711 3283 825 3382 suum.
872 3287 980 3388 Quod
995 3305 1113 3366 tamen
1131 3315 1204 3366 non
1218 3291 1378 3366 urserim.

470 3391 504 3480 p.
520 3383 651 3457 CVlll.
681 3383 795 3459 Tertio
816 3389 990 3480 pericopae
1012 3411 1109 3482 pars,
1135 3389 1358 3464 fraudulenta
1372 3389 1448 3484 ejus
1468 3394 1572 3470 moli·

235 3547 240 3554 .
270 3513 272 3518 ·
424 3485 521 3560 mma
545 3501 671 3558 contra
694 3484 885 3580 exprellam
906 3485 1198 3575 adsociationem,
1225 3489 1307 3582 quin
1321 3486 1400 3560 ansa
1416 3491 1500 3566 inde
1516 3516 1566 3567 ar.

422 3599 546 3677 repta,
571 3583 780 3669 continens,
813 3603 858 3656 eo
878 3583 1012 3671 tendit,
1038 3601 1078 3658 ut
1094 3600 1203 3660 morte
1220 3608 1293 3660 non
1309 3586 1437 3684 magis,
1465 3613 1569 3684 quam

424 3681 612 3754 vaferrimo
633 3695 729 3770 arte,
766 3681 983 3755 Antiochum
1006 3682 1044 3756 iu
1064 3681 1249 3780 Aegyptiis
1271 3706 1313 3757 ac
1337 3682 1464 3776 Judaeis
1481 3711 1568 3764 con.

420 3776 615 3888 iungendis
625 3826 637 3866 ,
656 3777 698 3852 de
713 3777 835 3872 quibus
851 3777 960 3855 modo
975 3794 1094 3880 egerat
1109 3783 1299 3878 propheta,
1314 3779 1458 3858 usurum
1474 3783 1570 3878 esse,

1192 3901 1195 3908 ¹
1412 3905 1563 3980 regnun-

452 4015 470 4056 c
486 3995 504 4072 i
520 4011 612 4058 mu.
