3494 4802
430 451 498 546 ‚a
589 423 1405 515 nissunrarronas

433 644 499 740 ifle·
529 659 610 714 cum
634 653 783 730 parvum
806 629 878 722 jam
902 640 980 703 tum
1008 623 1118 702 fuerit
1142 648 1287 714 cornu,
1324 624 1466 722 quando
1491 623 1579 705 illud

432 737 622 816 ascendere
646 731 737 805 vidit
759 729 946 824 Propheta.
999 724 1158 800 Verbum
1185 746 1325 820 quoque
1345 737 1406 836 pta
1429 747 1505 800 non
1529 752 1581 800 or·

435 857 533 925 tum,
568 831 629 906 sed
649 836 884 904 r'ncrcrnentum
906 825 954 898 ob
978 823 1103 897 oculos
1125 823 1239 917 ponit.
1298 823 1459 898 Deuotat
1484 826 1581 902 enim

434 931 646 1028 adscendere,
686 927 888 1012 νίνννβννίνενν,
929 943 1000 1014 quo
1026 921 1086 994 hic
1115 919 1194 994 usus
1220 915 1272 992 est
1301 921 1365 994 Gr.
1389 923 1581 1016 interpres.

433 1033 503 1108 Sic.
525 1053 557 1103 c.
584 1048 667 1100 vrr:
691 1046 724 1116 3.
751 1022 785 1096 dt
811 1019 899 1093 alibi.
953 1017 1113 1092 Verbum
1133 1037 1225 1090 vero
1251 1042 1319 1112 erp,
1344 1020 1439 1111 quod
1454 1019 1504 1094 vs.
1523 1043 1584 1112 24.

434 1127 611 1214 occurrit,
630 1119 788 1218 surgendi
808 1138 883 1190 non
905 1129 1062 1202 tantum,
1088 1115 1147 1187 sed
1165 1113 1246 1187 &in
1262 1117 1383 1212 vigore
1399 1114 1586 1193 &summo

436 1227 576 1323 fastigio
608 1242 649 1293 ac
679 1215 834 1290 eulmine
867 1211 978 1287 standi
1009 1210 1226 1286 intelledlum
1251 1215 1413 1305 praebet,
1439 1215 1482 1285 de
1509 1238 1583 1308 quo

436 1325 509 1400 vid.
531 1321 584 1394 Cl.
601 1314 791 1392 *Schultens
817 1309 860 1386 ad
879 1309 961 1403 Jobc
986 1331 1044 1383 xr:
1065 1331 1119 1402 ¹7·
1168 1309 1329 1383 Denotat
1346 1331 1487 1404 quoque
1501 1335 1584 1390 eum

437 1421 554 1496 studio
578 1418 611 1492 u
632 1415 767 1508 impetu
791 1405 923 1504 aliquid
944 1407 1111 1506 adgredi,
1148 1421 1191 1480 ut
1210 1405 1261 1480 ld.
1286 1409 1329 1482 ad
1355 1405 1436 1502 Job.
1464 1430 1495 1485 r:
1524 1431 1584 1486 νο.

438 1516 654 1596 observavit

488 1621 521 1708 ς.
547 1611 642 1686 ΧΙΧ.
667 1607 788 1684 Offert
812 1605 882 1682 sese
905 1605 1009 1696 pubis
1035 1605 1071 1681 in
1096 1605 1168 1682 huc
1193 1606 1403 1684 emblemate
1443 1631 1474 1684 r.
1505 1607 1585 1684 Par·

436 1736 528 1789 vum
548 1729 661 1786 cornu
700 1731 732 1781 a.
760 1704 1082 1804 triumeradicatio
1109 1707 1152 1780 ab
1176 1726 1222 1780 eo
1248 1703 1336 1779 sadda
1368 1729 1402 1800 3.
1428 1708 1585 1782 elevatio

437 1809 518 1906 post
542 1805 699 1898 &supra
727 1804 863 1896 reliqua
894 1823 1029 1876 cornua
1073 1824 1107 1893 4.
1133 1801 1306 1895 diverfitas
1336 1805 1410 1896 eju's
1436 1804 1585 1879 abillis.

438 1907 497 1981 De
524 1905 647 2002 qulbus
672 1901 796 1976 ordine
821 1897 871 1972 est
893 1897 1091 1995 agendum,
1117 1915 1157 1973 ut
1181 1922 1285 1992 quam
1308 1917 1390 1996 apte
1415 1902 1450 1976 in
1466 1903 1587 1976 Seleu·

442 2025 525 2078 cum
550 1999 747 2086 Nicatore,
782 2017 887 2091 quem
912 1995 948 2069 in
974 1993 1153 2089 superiore
1178 1997 1417 2072 dissertatione
1442 1999 1498 2071 hic
1525 1999 1586 2072 de·

438 2100 537 2198 pingi
561 2098 654 2186 dixi,
679 2112 845 2190 tanquam
860 2091 1321 2190 regni‘Syro-Macedonum
1336 2095 1585 2190 conditorem,

440 2196 686 2282 conveniant,
717 2196 755 2268 in
780 2191 940 2267 omnium
963 2190 1087 2265 oculos
1108 2193 1272 2266 incurrat.
1335 2215 1366 2270 1.
1389 2194 1587 2286 solentur,

440 2297 543 2388 cujus
568 2293 759 2379 notitiam,
793 2289 946 2366 hicnon
969 2289 1196 2379 tradendam,
1228 2285 1416 2367 ledoribus
1437 2293 1525 2367 meis
1549 2293 1591 2370 in

439 2415 572 2494 genere
603 2406 722 2468 notam
753 2385 823 2464 elle
853 2385 1008 2477 censeo,
1042 2386 1172 2482 duplici
1205 2385 1363 2486 respedlu
1394 2413 1461 2484 pro
1484 2406 1591 2486 parvo

439 2515 558 2568 cornu
579 2491 672 2565 inter
690 2486 843 2580 reliquos
866 2484 973 2560 duces
994 2483 1029 2556 dc
1049 2505 1169 2582 reges,
1194 2483 1233 2559 in
1258 2507 1369 2585 regno
1384 2487 1592 2566 Alexandri·

439 2613 492 2665 no
514 2607 635 2676 ortos,
659 2586 783 2658 haberi
803 2582 960 2676 poterit,
984 2585 1086 2656 altero
1106 2599 1211 2673 ante,
1236 2587 1339 2660 astera
1355 2583 1436 2679 post
1452 2591 1593 2686 regium

441 2685 586 2760 titulum
597 2679 810 2758 adsumtum.
858 2677 1074 2769 Temporis,
1109 2701 1181 2773 quo
1213 2681 1320 2756 duces
1345 2684 1440 2782 regia
1462 2701 1593 2781 poten.

442 2783 492 2855 tia
519 2778 682 2852 contenti
705 2799 725 2850 a
745 2773 851 2848 titulo
881 2771 1149 2864 abstinuerunt,
1183 2778 1321 2852 ratione
1345 2779 1489 2868 habita,
1530 2785 1593 2856 Se·

441 2879 566 2951 leucus
585 2875 708 2950 locum
734 2871 940 2946 inferiorem
963 2872 1097 2964 tenuit,
1123 2873 1337 2950 &tenuiore
1352 2878 1389 2953 in
1403 2876 1491 2953 statu
1508 2877 1594 2957 fuit.

440 2973 484 3050 ln
505 2974 618 3068 prima
641 2971 832 3056 divisrone„
868 2991 935 3062 qua
959 2969 1083 3064 reliqui
1106 2970 1233 3062 duces,
1259 2971 1464 3067 Cassander,
1489 2977 1596 3052 Anti·

444 3093 580 3171 gorius,
612 3065 835 3162 Lysimachus
859 3065 893 3140 dt
916 3065 1151 3158 Ptolemaeus,
1185 3071 1245 3164 qui
1273 3073 1330 3146 hic
1354 3074 1529 3169 praecipue
1554 3076 1596 3154 in

445 3167 591 3245 censum
614 3167 784 3254 veniunt,
809 3161 1026 3257 amplissimas
1049 3165 1299 3262 praefedturas,
1324 3169 1444 3266 postea
1461 3173 1497 3247 in
1515 3195 1595 3272 reg.

445 3289 492 3344 na
514 3264 725 3355 conversas,
758 3259 940 3336 consecuti
966 3261 1067 3354 sunt,
1107 3265 1297 3356 Seleucus,
1331 3269 1461 3350 nullam
1488 3271 1597 3366 adep.

445 3381 525 3458 tus,
547 3361 722 3462 prefedas
735 3362 896 3453 equitum
910 3359 1088 3436 Sodalium
1102 3360 1232 3452 fadlus,
1266 3366 1322 3438 vel
1339 3363 1497 3443 firmatus
1510 3368 1596 3446 fuit.
1734 3403 1739 3416 ·

444 3461 619 3542 Secunda
649 3457 826 3534 divisronis
858 3474 1052 3552 tempore,
1100 3481 1180 3534 cum
1208 3459 1334 3556 reliqui
1367 3465 1597 3560 praseduras
1728 3463 1732 3470 '

445 3562 517 3655 iam
547 3556 809 3636 confirmassent
838 3553 1138 3650 &ampliaslent,
1170 3555 1358 3655 Babylonia
1386 3563 1597 3655 praefediura

446 3658 583 3754 potitus
607 3653 677 3730 est:
709 3653 769 3728 sed
792 3675 858 3749 qua
879 3677 942 3748 per
963 3653 1212 3751 Antigonum,
1239 3655 1354 3734 Asiam
1378 3661 1440 3736 fibi
1459 3660 1599 3754 subjici.

449 3769 594 3842 entem,
621 3755 800 3847 privatus,
826 3751 859 3823 dt
884 3751 927 3824 ad
949 3749 1179 3825 Ptolemaeum
1200 3753 1318 3828 auxilii
1337 3759 1448 3854 gratia
1466 3759 1599 3835 confu-
1668 3829 1671 3832 .

450 3873 536 3950 gere
564 3849 704 3924 coaetus
734 3847 809 3922 est:
845 3869 915 3941 quo
944 3862 1105 3940 tempore
1136 3845 1320 3924 Cassander
1343 3853 1600 3940 Macedoniam

444 3951 520 4049 jam
548 3961 814 4044 occupaverat,
845 3945 1106 4046 &Antigonus
1137 3943 1253 4027 auam
1277 3953 1445 4047 tenebat3
1478 3977 1601 4053 aquo

1552 4076 1603 4130 10
