3502 4758
330 383 1169 488 ru-vnrrcrurooeurrtre.
1252 421 1321 512 η,

5 589 11 616 “
159 575 200 655 6.·
214 575 258 666 &⁹
275 575 479 672 uon-fiabit,
504 577 596 656 vers.
621 583 678 656 16.
703 575 746 665 s?
767 601 831 654 non
847 576 950 676 stabit
974 605 1080 656 tmen
1095 579 1171 679 ipso.
1191 582 1245 661 src
1259 587 1319 662 sae·

157 699 214 773 pe.
259 676 425 754 ‚Verbum
447 707 507 762 noo
525 678 677 755 divitem
700 675 837 753 sensum
860 680 988 770 habet,
1022 682 1128 759 etiem
1152 705 1217 778 pro
1239 687 1320 759 cul*

45 781 47 784 ’
156 777 250 852 mine
269 774 456 875 &fastigio
469 776 523 850 rei
537 774 705 868 sumitur,
730 792 772 852 ut
787 774 922 854 Eccles.
941 801 997 855 tr:
1015 801 1047 874 9.
1075 779 1316 878 etiamsopien·

154 878 205 947 tia
217 871 406 966 meastalur
423 878 520 964 mibi,
546 873 665 963 idest,
690 878 725 948 in
741 875 880 951 summo
894 878 1049 952 culmine
1066 874 1155 967 suo,
1181 898 1222 954 ut
1237 903 1317 955 om..

5 1001 7 1070 l
153 973 251 1048 nium
266 969 529 1066 sapientissimus
543 973 672 1050 fuerim
687 973 841 1048 habitus.
891 975 994 1066 lmo,
1021 977 1234 1053 vehemente
1250 981 1313 1054 im·

5 1079 7 1096 *
151 1085 259 1163 pete,
284 1072 341 1143 cui
364 1070 473 1145 resisti
494 1073 638 1167 nequit,
655 1075 902 1162 incumbere,
933 1074 1122 1164 ¹aliquando
1136 1074 1316 1173 designat,

5 1217 7 1260 ς
152 1181 195 1241 ut
218 1167 266 1240 Ps.
289 1187 374 1241 cvm
394 1187 453 1257 os.
485 1167 528 1250 sd
546 1169 636 1260 sture
654 1167 740 1259 ferit
763 1181 899 1239 uentum
925 1167 1114 1257 adustionis.
1165 1171 1319 1261 illucet,
1396 1211 1398 1216 =

153 1261 332 1351 allelon,
357 1285 432 1338 non
455 1263 717 1356 qualescunque
732 1283 857 1357 reges,
877 1261 941 1334 ¹sed
949 1263 1091 1356 fictores
1106 1268 1226 1360 regni,
1251 1269 1313 1341 sub

5 1399 6 1454 3
155 1359 281 1451 quibus
302 1359 340 1432 in
363 1359 502 1434 summo
522 1357 610 1432 flore
633 1359 667 1433 δι
688 1361 814 1455 vigore
831 1354 924 1448 suit,
950 1359 1080 1454 quique
1096 1379 1160 1454 per
1175 1363 1317 1438 bellicus

5 1475 6 1536 l
55 1521 69 1532 .
153 1456 400 1550 expeditiones
430 1455 501 1528 sese
530 1457 689 1534 celebres
719 1453 970 1544 reddiderunt,
1005 1457 1165 1551 intelligi.
1229 1459 1320 1559 Quo

5 1617 9 1646 ,
146 1552 514 1744 ἔζίὲυῗυὲεοεὲεῑίίε
536 1574 636 1651 reges
659 1555 791 1628 horum
812 1553 974 1652 catalogo
989 1553 1198 1628 exturbandi
1213 1555 1312 1656 sunt,

192 1750 226 1838 §.
243 1745 355 1821 XXX.
380 1746 516 1841 Scopus
539 1746 732 1824 verborum
759 1769 833 1824 non
860 1745 933 1838 est,
965 1748 1163 1848 catalogum
1187 1772 1310 1850 regum

140 1842 269 1920 Perstae
290 1861 509 1935 contexere,
539 1860 600 1919 aut
621 1869 790 1920 numerum
804 1869 931 1920 eorum
947 1843 1120 1936 definire,
1146 1851 1242 1942 quod
1256 1853 1315 1923 ni·-

5 2007 6 2022 .
138 1941 190 2018 hil
211 1943 391 2018 adtineret
412 1941 523 2031 sciret
556 1963 624 2017 nec
647 1945 755 2018 etiam
780 1967 842 2018 eos
865 1965 1067 2021 memorare
1088 1965 1210 2042 reges,
1242 1945 1308 2023 sub

17 2115 20 2120 .
138 2043 269 2136 quibus
291 2040 496 2116 instauratio
519 2040 661 2136 Templi
681 2042 825 2116 &urbis
842 2041 1033 2137 impedita,
1061 2044 1121 2116 vel
1135 2044 1307 2141 provetia

5 2149 50 2186 ³—
135 2137 209 2230 est;
241 2141 340 2233 cujus
363 2140 502 2213 nullum
523 2138 582 2212 hic
605 2137 720 2213 exstat
741 2140 937 2228 indicium,
963 2139 1305 2216 nechistoriaecon·
1458 2201 1462 2210 ,

134 2239 266 2312 venit:
299 2234 378 2320 led,
411 2258 494 2310 cum
519 2237 648 2328 causam
669 2236 704 2308 δι
726 2233 917 2328 occofiontm
943 2232 1185 2310 destructionis
1207 2241 1306 2335 regni

131 2333 271 2410 Persici
290 2333 491 2425 explicare,
518 2347 591 2407 tum
614 2335 761 2426 epocham
785 2335 936 2426 temporis
960 2327 1094 2426 figere,
1118 2355 1160 2404 ex
1175 2335 1305 2424 quoad

131 2434 283 2507 ruinam
308 2425 492 2522 spectaret.
539 2427 614 2526 Qui
637 2427 762 2520 scopus
790 2447 820 2501 r.
838 2449 885 2500 ex
910 2427 1021 2499 totius
1041 2425 1145 2516 huius
1167 2431 1305 2519 revela.
1457 2443 1459 2448 ’

131 2529 252 2606 tionis
282 2526 417 2620 scopo,
459 2547 492 2598 2.
516 2544 561 2600 ex
588 2521 666 2620 ipso
698 2537 799 2598 textu
829 2520 922 2597 haud
945 2519 1132 2602 difficulter
1153 2526 1303 2604 eruitur,

5 2625 7 2712 l
133 2648 167 2702 1.
195 2629 337 2719 Scopus
352 2623 605 2714 revelationis,
632 2643 711 2715 cap.
728 2643 767 2693 ur
783 2621 817 2695 dt
831 2641 898 2696 κη.
924 2620 1206 2714 comprehense,
1230 2622 1303 2719 est,

5 2763 7 2778 r
129 2723 284 2803 Danieli
308 2723 343 2798 a
361 2723 488 2796 modum
507 2719 540 2793 dt
563 2735 690 2817 tempus
708 2721 757 2793 ob
778 2717 903 2794 oculos
916 2738 1077 2812 ponere,
1103 2723 1198 2812 quo,
1222 2744 1299 2811 om.

5 2839 6 2890 ἒ
129 2824 242 2900 nibus
259 2819 445 2896 obstaculis
459 2840 485 2892 e
502 2819 623 2895 medio
639 2817 802 2906 sublatis,
828 2817 982 2911 populus
995 2814 1137 2910 Judaeus
1152 2817 1195 2890 ad
1212 2818 1309 2909 sum-s

5 2993 6 3008 ,
128 2942 238 3000 mum
261 2919 380 3014 gloria
401 2920 436 2992 δι
457 2917 697 3012 prosperitatis
723 2913 900 3011 fastigium
912 2914 1127 2987 eveheretur
1141 2914 1204 2989 sub
1220 2918 1299 2992 ulti-

5 3053 7 3100 ι
130 3041 196 3096 ma
210 3015 449 3088 Oeconomiae
461 3012 545 3085 Vet
561 3031 737 3108 tempora.
790 3012 846 3085 De
864 3033 935 3108 quo
948 3011 1059 3105 scopo
1073 3013 1204 3104 liquet,
1221 3029 1299 3091 tum

130 3141 184 3194 ex
221 3123 432 3207 argumento
464 3109 709 3200 revelationis,
749 3123 825 3186 tum
846 3132 893 3185 ex
911 3113 1073 3185 omniurn
1100 3107 1299 3185 viciffitudi-
1335 3121 1337 3126 ’

46 3197 50 3206 ’
131 3232 231 3293 num
256 3205 412 3281 termino
434 3223 509 3294 cap.
536 3221 621 3288 xri,
647 3219 724 3277 turn
745 3228 793 3280 ex
816 3205 889 3298 ipsa
911 3205 1040 3304 Angeli
1057 3205 1298 3282 declaratione

5 3351 6 3390 3
132 3325 321 3394 c.x:14.
371 3298 421 3374 Et
446 3301 546 3386 veni,
576 3310 615 3370 ul
642 3296 687 3370 Te
708 3305 828 3371 notitia
850 3323 956 3374 torum
982 3299 1194 3390 instruerem,
1228 3325 1299 3396 qua

125 3407 258 3510 populo
284 3399 354 3476 Tuo
378 3392 697 3491 euenturusuursul
711 3397 831 3468 ultima
847 3407 1007 3487 tempora,
1035 3395 1168 3468 scilicet
1180 3397 1300 3470 Oeco-
1430 3400 1433 3406 '

5 3575 6 3588 .
129 3501 273 3584 nomiae
292 3496 464 3591 Judaicae,
491 3495 710 3588 temporibus
734 3489 990 3578 Maccabaieis3
1021 3491 1065 3560 de
1085 3509 1156 3580 quo
1170 3491 1234 3565 suo
1249 3491 1300 3566 lo.

5 3607 6 3670 ὲ
131 3625 190 3680 co
211 3599 321 3697 egam
372 3591 558 3670 Obstacula
584 3613 695 3684 vero,
720 3611 799 3685 quae
821 3585 947 3682 Judaeis
964 3585 1151 3660 reducibus
1170 3587 1299 3662 obsue·
1410 3641 1412 3646 -

129 3713 255 3784 runt,
286 3713 420 3789 eosque
443 3691 690 3784 inpedierant,
729 3688 920 3782 quominus
941 3681 1146 3758 felicitatem
1168 3684 1293 3780 statu,

130 3787 331 3876 aedacibus
359 3788 584 3887 promissam,
628 3786 795 3882 consequi
826 3782 1036 3880 potuerint,
1075 3782 1300 3865 duosorent

5 4019 7 4032 Ι
133 3893 344 3998 praecipua,
375 3909 527 3988 regnum
548 3885 715 3982 Perficum
736 3883 1062 4024 &Macedonicum
1086 3878 1148 3957 sub
1166 3887 1301 4081 qrueigtrltis8
