3462 4792
397 373 1380 508 ,nknrssunanarouas

401 604 487 658 cum.
514 575 648 667 reliqua
674 591 811 668 regna,
851 560 1031 656 ordinario
1054 559 1160 659 magis
1178 557 1334 651 judicio,
1367 557 1545 636 fuerinte

403 677 524 756 medio
548 673 701 755 sublata,
739 687 806 762 pro
828 683 947 736 rerum
968 659 1196 732 humanarum
1220 653 1474 745 vicissitudine,
1510 657 1547 731 dc

404 771 653 850 communibus
673 762 794 858 judicii
816 760 937 834 Divini
959 757 1115 850 legibus3
1141 755 1260 828 saltem
1283 755 1412 846 absque
1429 773 1469 828 ut
1486 777 1547 828 ex·

405 867 637 950 traordinaria
656 861 714 933 illa
735 861 796 934 ira
819 855 959 928 Divinae
982 852 1075 949 signa
1091 849 1161 924 sese
1179 853 1395 944 praebuerint
1411 851 1550 944 conspi.

405 968 541 1046 cienda.
591 961 680 1060 Quae
704 956 794 1030 ratio
815 952 885 1042 est,
923 971 1029 1044 quare
1054 949 1254 1041 Propheta,
1284 970 1421 1042 regnum
1443 945 1549 1044 fru‘ffe

391 1071 572 1150 ollarum,
597 1055 800 1150 fimplieiter
819 1051 933 1136 dicat,
958 1046 1056 1122 simul
1078 1047 1250 1118 rationem
1268 1045 1371 1118 abeo
1387 1052 1565 1138 repetat,

407 1164 504 1258 quod
528 1165 602 1232 vlla
618 1150 693 1251 ipfis
706 1153 749 1224 ud
764 1164 888 1222 certum
904 1160 1027 1239 tempus
1042 1159 1178 1217 tantum
1196 1141 1303 1214 suerit
1321 1139 1410 1214 data.
1434 1139 1565 1238 Quod

408 1261 520 1356 ipsum
543 1251 730 1330 discrimen
754 1247 790 1320 in
812 1248 941 1320 Statua
955 1237 1196 1314 confratrione
1211 1237 1376 1328 adparet,
1404 1259 1477 1310 uno
1493 1260 1554 1330 pe·

411 1363 496 1432 dum
516 1357 625 1428 latere
654 1346 775 1440 lapidis
797 1343 995 1418 violentum
1015 1337 1200 1427 impulsum
1223 1349 1359 1408 tantum
1381 1349 1553 1427 experto,

390 1455 553 1546 .reliquis
578 1447 731 1544 partibus
759 1439 892 1512 Divina
919 1431 1138 1518 direetione,
1181 1430 1214 1502 δι
1243 1449 1339 1500 vento
1362 1427 1555 1523 suscitat0,

413 1549 563 1643 disjetlis
620 1541 789 1613 Violenta
803 1534 944 1628 quidem
958 1531 1027 1604 fuit
1042 1548 1232 1625 regnorum
1246 1526 1406 1599 omnium
1420 1525 1556 1603 destru-

414 1648 502 1733 nio,
526 1642 586 1717 sed
607 1638 713 1732 qualis
737 1631 917 1707 ordinario
939 1648 1002 1720 per
1015 1629 1097 1698 bella
1115 1621 1183 1696 esse
1200 1621 1309 1710 solet3
1336 1643 1404 1696 nec
1419 1621 1490 1697 sine
1502 1626 1559 1715 ju.

419 1745 503 1818 dicii
525 1737 649 1813 Divini
664 1725 986 1810 demonstratione,
1012 1741 1138 1795 verum
1152 1741 1224 1794 non
1241 1718 1331 1792 adeo
1347 1717 1573 1816 singulari&

418 1831 715 1918 extraordinaria,
745 1825 844 1898 utin
865 1821 1008 1912 Syriaco
1032 1839 1154 1914 regno,
1208 1811 1317 1912 Quod
1342 1816 1487 1891 ulterius
1512 1837 1557 1889 ex

419 1958 465 2020 eo
486 1927 735 2012 confirmatur,
760 1921 856 2014 quod
879 1918 970 1990 ratio
990 1912 1169 1986 destruite
1184 1910 1421 1987 &combusta
1435 1929 1560 2008 quarto

419 2028 537 2108 bestiae
562 2049 581 2099 a
604 2019 813 2119 magnisonis
836 2015 870 2088 δι
895 2010 1155 2090 contumeliosis
1172 2009 1245 2098 ejus
1263 2009 1379 2082 verbis
1393 2009 1560 2100 defessis,

419 2129 479 2205 sed
502 2129 700 2220 reliquarum
719 2112 917 2190 abolitionis
934 2133 954 2184 a
969 2112 1135 2196 limitata,
1161 2103 1253 2180 &ad
1269 2121 1406 2181 certum
1421 2119 1563 2203 tenpus

423 2229 524 2314 data,
550 2221 643 2306 vita,
668 2215 859 2290 derivetur.
945 2211 951 2226 '
1008 2215 1014 2231 ‘

472 2326 503 2412 §.
529 2324 720 2396 XXXVlll.
756 2311 795 2385 ln
812 2309 877 2382 hac
889 2305 951 2382 etsr
968 2303 1191 2396 acquiescere
1206 2300 1291 2376 licet
1303 2302 1568 2395 interpretatio·

423 2442 494 2508 ne,
528 2418 572 2489 de
593 2415 699 2484 altera
721 2423 864 2495 tamen,
887 2405 987 2494 cujus
1015 2403 1116 2494 supra
1137 2399 1303 2488 memini,
1334 2419 1411 2491 quae
1432 2398 1566 2492 aliquid

425 2519 553 2601 babet,
596 2529 668 2602 quo
689 2505 723 2578 se
746 2501 993 2587 commendat,
1027 2499 1111 2590 quin
1135 2497 1285 2570 verbum
1305 2493 1451 2584 addam,
1490 2517 1568 2570 non

425 2610 575 2709 possum.
625 2602 825 2678 Secundum
847 2619 924 2672 earn
945 2609 1096 2688 uterque
1119 2589 1258 2680 versus,
1295 2613 1333 2667 rt
1358 2593 1391 2664 dt
1417 2613 1495 2681 ra.,
1522 2594 1568 2665 de
1633 2603 1640 2610 ·

428 2708 552 2782 eadem
580 2697 838 2790 bestiawquarta
867 2692 1105 2786 intelligitur,
1139 2688 1210 2763 boc
1240 2711 1323 2765 cum
1350 2689 1569 2780 discrimine,

430 2801 545 2898 quod,
571 2817 672 2882 cum,
696 2789 827 2884 bestium
840 2783 899 2957 sse
913 2788 1061 2878 neelfiam,
1087 2786 1124 2860 in
1141 2799 1271 2884 genere
1286 2783 1405 2860 suisset
1419 2782 1572 2875 diuum,

415 2891 542 2983 broit,
569 2891 652 2985 quid
675 2889 709 2960 ei
733 2885 838 2960 secun
865 2907 924 2960 um
951 2882 1103 2958 diversas
1128 2899 1244 2977 partes
1268 2883 1476 2980 contigerit,
1502 2903 1587 2976 qua,

430 2995 570 3070 ratione
595 2994 691 3071 ulto,
717 2985 774 3058 vel
795 3003 930 3078 regnum
950 2980 1054 3054 variis
1077 2981 1146 3076 ejus
1164 2981 1318 3073 partibus
1342 2979 1451 3055 fuerit
1472 2999 1576 3074 erep-

431 3109 528 3176 tum,
554 3081 743 3160 distinslius
765 3081 979 3174 explicetur,
1005 3100 1088 3152 curn
1107 3093 1219 3171 corpur
1244 3077 1371 3154 dicitur
1391 3077 1462 3174 igni
1487 3099 1575 3151 con·

432 3201 649 3270 crematum,
675 3182 833 3275 reliquum
853 3174 956 3270 bessica
973 3199 1071 3270 regno
1084 3172 1285 3267 simpliciter
1298 3175 1496 3268 privatum,
1523 3175 1577 3246 vi·

348 3351 350 3358 .
434 3303 470 3363 ta
490 3287 523 3357 ei
550 3281 593 3355 ad
616 3295 754 3371 tempus
775 3290 913 3349 tanturn
935 3269 1107 3346 concessa.
1172 3269 1293 3366 Corpus
1313 3271 1429 3364 itaque
1456 3269 1576 3344 bestiae

432 3401 582 3481 regnum
604 3377 777 3472 Syriacum
797 3371 961 3470 signabit,
983 3383 1023 3442 ut
1051 3365 1160 3442 modo
1185 3367 1389 3457 observavi,
1413 3371 1579 3463 reliquum

433 3479 551 3558 bestiae
576 3475 709 3567 reliqua
731 3486 862 3563 quartae
885 3465 1103 3541 Monarchiae
1125 3485 1252 3558 regna,
1278 3486 1341 3559 per
1357 3487 1478 3539 cornua
1492 3463 1580 3536 deli·

434 3590 558 3659 neata,
582 3571 615 3644 dt
637 3591 680 3642 ex
703 3564 942 3641 Alexandrino
965 3577 1092 3655 praeter
1115 3558 1288 3653 Syriarum
1304 3576 1395 3638 orta.
1445 3563 1485 3636 ln
1504 3561 1582 3654 qui·

436 3677 499 3748 bus
520 3665 738 3768 destruendis
759 3663 852 3737 idern
874 3659 958 3734 illud
982 3657 1136 3732 obtinuit
1160 3657 1367 3743 discrimen,
1394 3659 1489 3752 quod
1504 3679 1583 3732 mo·

437 3771 485 3844 do
508 3769 543 3838 in
567 3767 684 3840 lucem
706 3759 878 3854 produxi,
911 3757 945 3829 δι
969 3753 1141 3848 phrasrum
1162 3753 1394 3847 discrepantia
1414 3754 1582 3852 suggerit.

433 3866 616 3960 Syriacum
645 3857 762 3936 multis
792 3873 875 3933 cum
894 3849 1161 3942 exstantioribus
1181 3850 1242 3926 irae
1262 3851 1355 3944 Dei,
1389 3853 1519 3929 scelera
1542 3851 1610 3926 iuv

1470 3967 1588 4046 P0Pu·
