3462 4792
442 403 1438 516 33'2DISS'ERTAT10NES
1553 367 1723 446 ··:

448 645 554 728 pure
574 611 805 714 justificatores
826 619 1021 728 multorum,
1046 611 1138 688 Dan.
1154 593 1215 685 mi:
1230 633 1266 704 3,
1283 609 1319 684 id
1337 607 1407 697 cll,
1433 609 1591 686 vindicer

444 715 556 788 caulae
579 715 698 810 populi
722 717 755 787 u
781 713 977 807 religionis:
1005 708 1123 784 utsuo
1139 709 1222 782 loco
1239 729 1472 802 exponemus.
1523 705 1589 781 Er·
1618 755 1620 764 =

444 810 546 883 citati
582 807 662 883 sunt
692 809 885 883 Maccabei
922 807 1066 893 aueo,
1103 807 1177 896 ejus
1209 804 1246 876 dt
1272 804 1405 897 Spiritu
1427 806 1589 892 animati,
1722 867 1723 874 ,

445 907 483 980 u
506 905 636 981 auxilio
656 903 901 990 corroborati,
934 902 976 974 ad
998 901 1134 976 cauum
1156 901 1226 974 Dei
1247 901 1472 997 &religionis
1487 923 1588 998 agen·

444 1001 524 1075 dam
547 1003 580 1074 u
601 1000 785 1076 tuendam:
813 1019 921 1091 quare
944 999 1040 1070 Deus
1063 1020 1125 1072 eos
1148 993 1296 1092 ercitefflr
1320 998 1469 1086 dicitur,
1493 995 1588 1070 &illi

445 1095 512 1172 sub
532 1099 655 1173 divino
677 1100 799 1171 uexillo
822 1093 1007 1190 pugnasse,
1033 1095 1137 1168 Zaelr.
1155 1116 1200 1170 rx:
1221 1115 1275 1181 14.
1323 1094 1458 1168 Bellum
1473 1094 1588 1186 itaque

443 1193 534 1282 fuit,
560 1215 648 1267 vero
671 1194 734 1268 suo
753 1189 963 1285 conspeclu,
991 1191 1128 1263 Sacrum
1147 1192 1189 1262 ad
1207 1190 1279 1263 Dei
1288 1189 1460 1280 judicium
1475 1191 1511 1264 in
1524 1191 1585 1264 im·

444 1293 524 1386 pios
550 1289 791 1366 &sceleratos
814 1287 931 1361 hostes
955 1288 1220 1380 exequendum,
1256 1285 1289 1356 &
1317 1287 1490 1380 populum
1517 1286 1586 1358 Dei

445 1385 648 1481 opprellum
665 1385 931 1474 vindicandum
951 1385 1082 1459 bellum
1096 1408 1164 1479 pro
1181 1390 1254 1456 uiro
1270 1379 1312 1464 &⁹
1327 1387 1416 1478 lege3
1436 1404 1450 1455 1
1469 1383 1586 1458 Mace.

444 1504 484 1558 ur
527 1510 560 1560 0.
589 1507 637 1562 m:
657 1507 715 1562 21.
1034 1531 1037 1536 -

444 1599 449 1608 ·
496 1507 687 1671 dxxxll.
724 1579 907 1656 Tribunali
930 1577 1069 1668 eredlo,
1096 1576 1321 1653 &sententia
1344 1576 1508 1672 Supremi
1528 1579 1588 1674 Ju-

446 1675 532 1753 dicis
552 1681 803 1771 pronunciata,
830 1677 905 1769 ejus
928 1675 1146 1770 consequens
1167 1674 1395 1749 &exsecutio
1417 1676 1467 1750 vl.
1490 1697 1528 1751 rt
1552 1677 1588 1750 dc

448 1793 494 1846 rr
518 1790 711 1848 enarratur.
761 1773 834 1874 Qui
860 1772 1004 1862 uersus,
1033 1772 1075 1844 ad
1094 1793 1244 1862 quorum
1259 1771 1517 1864 expositionem
1529 1795 1584 1847 or·

446 1868 497 1940 do
523 1893 591 1943 nos
609 1869 784 1960 deduxit,
801 1883 803 1892 “
823 1869 998 1961 duplicem
1020 1868 1211 1942 admittunt
1233 1869 1589 1962 interpretationem,

444 1969 605 2054 alterurn,
632 1989 699 2060 qua
721 1967 767 2038 de
790 1966 912 2039 eadem
934 1961 1041 2052 bestia
1062 1979 1178 2060 quarta
1195 1984 1345 2057 uterque
1359 1967 1590 2062 intelligitur,

445 2065 604 2150 alteram,
631 2085 698 2158 qua
721 2062 770 2137 vs.
798 2084 854 2135 ιι.
876 2062 919 2134 ad
943 2076 1114 2156 quartam,
1139 2059 1189 2146 vs.
1214 2083 1272 2135 12,
1291 2063 1333 2134 ad
1348 2079 1419 2135 tres
1434 2061 1586 2160 superio·

394 2177 416 2218 ·-.
443 2177 507 2231 res
539 2157 631 2232 feras
659 2163 826 2234 refertur.
889 2157 1024 2232 Demus
1056 2157 1236 2248 utriusque
1265 2157 1513 2249 intelledlum,
1552 2160 1587 2234 dt

444 2256 631 2349 optionem
652 2257 889 2350 relinquamus
902 2256 985 2328 aliis.
1011 2253 1209 2327 Secundum
1221 2251 1443 2348 posteriorem,
1468 2279 1591 2350 aqua,

446 2369 487 2426 ut
509 2371 594 2446 pote
618 2355 844 2449 vulgatiore,
882 2353 1024 2426 initium
1053 2350 1238 2437 sumimus,
1270 2349 1318 2424 us.
1346 2373 1424 2441 ru,
1463 2367 1587 2448 quarto

439 2447 548 2540 desdiae
570 2449 843 2526 destrudlionem
862 2471 947 2524 cum
963 2448 1001 2521 in
1021 2467 1153 2542 genere
1166 2443 1231 2519 sub
1244 2447 1376 2540 phralr,
1402 2449 1504 2542 occisa
1520 2449 1587 2542 tsi,

441 2557 521 2621 tum
544 2548 582 2620 in
606 2545 743 2639 specie,
769 2545 827 2618 ubi
850 2560 962 2638 corpus
978 2543 1104 2617 dicitur
1113 2545 1326 2637 perditum&
1343 2549 1377 2618 in
1393 2550 1503 2639 ignem
1515 2569 1587 2620 ceu·

439 2642 581 2736 delium,
606 2645 654 2714 ob
676 2641 800 2715 oculos
822 2643 938 2734 ponit.
987 2637 1106 2712 Verba
1125 2641 1172 2712 ita
1187 2637 1331 2715 sonunt:
1356 2639 1583 2716 Adteutetorr·

443 2735 720 2830 templatussrtm,
747 2749 825 2806 tunc
839 2733 944 2827 ufimo
959 2735 1128 2804 uerborum
1148 2733 1411 2829 magnificorum,
1437 2761 1504 2834 quo
1518 2763 1583 2813 tur·

440 2853 490 2906 uu
509 2833 593 2902 illud
616 2819 761 2925 efflictim
793 2832 886 2918 vidi,
913 2832 1079 2920 inquom,
1105 2830 1201 2903 donet
1220 2831 1319 2926 occiso
1329 2831 1377 2928 su
1399 2831 1515 2926 hestia,
1548 2835 1584 2908 u

440 2941 556 3022 corpus
578 2927 647 3020 ejus
666 2929 855 3022 perditem,-
883 2925 917 2998 δὲ
941 2925 1067 2997 tradita
1086 2929 1233 3001 incendio
1246 2935 1347 3026 iguis.
1395 2929 1529 3028 Quibus
1545 2933 1583 3006 in

444 3023 564 3096 verbis
590 3022 664 3097 lese
688 3055 725 3098 a.
745 3025 916 3097 terminus
938 3044 957 3094 a
979 3041 1073 3113 que,
1107 3023 1142 3096 u
1165 3027 1265 3099 caula
1289 3043 1585 3122 propterquam,

309 3211 312 3216 ¹
442 3121 587 3214 iudicii,
617 3119 738 3195 offert.
771 3123 807 3209 β.
831 3119 944 3215 iplum
965 3117 1159 3211 judicium,
1188 3123 1225 3196 in
1242 3144 1373 3222 genere
1392 3124 1427 3197 u
1447 3125 1485 3199 in
1512 3124 1589 3220 spe·-

451 3239 517 3293 ere.

495 3319 526 3407 p.
542 3313 702 3390 xxxiii.
751 3347 785 3390 a.
812 3309 916 3388 Prius
929 3333 1059 3408 uoces,
1083 3313 1481 3411 tmcasimotrberum,
1504 3341 1587 3396 cou-

443 3414 582 3500 tinent,
614 3437 690 3506 quo
711 3429 832 3487 notam
854 3414 1046 3505 temporis,
1079 3437 1151 3506 qrro
1173 3411 1351 3507 inciperet
1368 3417 1587 3506 delirudlio,

442 3535 518 3586 non
540 3526 677 3584 tantum
694 3507 830 3606 figtmt,
857 3507 917 3582 sed
936 3507 1064 3604 causam
1080 3510 1297 3586 meritoriam
1310 3513 1408 3588 simul
1425 3535 1587 3608 compre·

440 3605 611 3681 lrendunt.
664 3606 803 3681 Vocula
825 3607 919 3681 enim
944 3634 1003 3706 pr,
1038 3629 1060 3678 a
1069 3604 1171 3700 sono,
1203 3609 1307 3682 etiam
1329 3610 1427 3682 reddi
1445 3609 1585 3705 potest,

437 3717 573 3800 propter
594 3703 739 3799 sonum„
780 3702 960 3798 Praegnans
983 3703 1101 3794 itaque
1125 3699 1243 3776 sensus
1257 3706 1481 3794 admittatur,
1508 3709 1583 3798 rei,

439 3799 570 3892 deque
581 3801 716 3902 agitur,
742 3799 898 3892 adprime
912 3821 981 3875 con
1028 3821 1112 3884 uus,
1145 3821 1250 3891 quem
1270 3802 1586 3900 lopr'dr'rr'mpulsus,

436 3915 614 3990 quocum
630 3895 790 3987 initium,
816 3911 892 3973 tum
912 3917 932 3971 c
1014 3919 1049 3971 ur
1068 3913 1305 3991 inurentem,
1337 3899 1585 3976 destrutlionis

1344 4037 1348 4046 ·
1453 3999 1588 4074 Statue
