3418 4754
283 381 343 476 ii>
390 387 768 492 siriciisiii
814 389 1148 482 unurutis
1225 419 1300 506 359

144 571 320 680 usurpari,
346 577 438 655 reste
461 578 603 656 notavit
624 575 788 672 Gejerus.
838 579 936 660 Idem
958 583 1078 680 itaque
1099 582 1174 674 est,
1199 585 1298 680 quod

144 680 228 756 Phil.
249 702 303 757 ir.
323 701 381 776 ro,
401 700 457 753 11.
480 677 611 752 &alibi
628 678 672 751 de
687 679 817 769 divino
830 678 958 755 Melliae
976 682 1117 758 honore
1132 684 1295 762 habetur.

153 820 158 828 ·
192 781 223 868 §.
241 777 289 852 V.-
314 777 384 868 Hi,
407 777 495 850 licet
514 773 660 870 expressi
683 774 748 852 sint
763 771 894 852 Meffiae
911 778 1151 871 charasleres,
1175 780 1297 871 facere

144 888 263 950 tamen
287 897 361 950 non
384 883 599 968 posuerunt3
625 891 664 949 ut
677 897 801 950 omnes
816 875 853 949 iu
869 898 916 952 eo
930 875 1171 953 consenserint
1185 879 1297 954 lnter·

143 989 275 1068 pretes.
324 972 500 1048 Nonnulli
523 973 646 1058 enim,
682 970 756 1044 five
784 973 956 1067 perversis
979 973 1073 1048 dusli
1095 975 1295 1070 hypothesi.

143 1071 230 1160 bus,
267 1067 343 1143 sive
369 1070 543 1162 aliquibus
558 1066 842 1159 difficultatibus,
874 1093 958 1166 quas
973 1071 1096 1147 Visum
1116 1073 1153 1146 su
1201 1075 1294 1166 erit,

125 1167 256 1252 moti,
281 1167 448 1241 oculosa
471 1165 597 1238 Messia
621 1165 866 1256 abduxerunt,
899 1167 993 1242 &in
1006 1095 1295 1268 poputumgfanti·

139 1286 215 1338 rum
239 1260 422 1353 fixerunt,
455 1261 583 1336 Filium
607 1263 759 1337 hominis
782 1285 858 1338 non
880 1264 1036 1352 Messiae,
1072 1263 1131 1339 sed
1152 1265 1296 1341 Sanslo·
1374 1320 1383 1333 .

124 1381 249 1449 rrum,
290 1359 351 1436 seu
382 1382 421 1434 re
446 1362 482 1432 ni
511 1357 646 1434 Messiae
677 1357 920 1446 subditorum,
960 1363 1147 1460 imaginem
1169 1385 1295 1462 gerere

82 1497 85 1502 Α
139 1457 391 1532 existimantes.
417 1381 583 1556 {uorum
599 1459 767 1551 praecipui
786 1455 863 1532 sunt
880 1456 932 1532 Cl.
951 1461 1125 1552 Cocceius
1139 1461 1171 1534 di
1184 1461 1295 1561 Jung·

136 1576 303 1632 mannus.
351 1552 491 1654 Quibus
514 1571 632 1628 tamen
658 1556 797 1643 uraeivii
810 1555 950 1652 insignis
963 1557 1091 1652 Script.
1113 1579 1294 1636 commen·

136 1666 235 1727 tator
258 1651 290 1747 J.
312 1649 507 1740 Launaeus3
539 1651 625 1725 licet
649 1652 686 1726 in
708 1671 750 1724 ea
772 1653 945 1744 opinione
966 1677 1041 1730 non
1063 1653 1164 1730 ausus
1181 1655 1292 1735 suerit

136 1752 269 1844 pedem
289 1746 410 1847 figere.
461 1748 555 1823 Nata
576 1745 626 1821 est
648 1749 724 1822 haec
745 1749 871 1842 opinio
894 1752 1023 1844 partim
1045 1773 1090 1829 ex
1105 1753 1316 1847 hypothefi'

135 1847 181 1921 de
204 1862 411 1945 permutare
431 1848 555 1920 dierum
578 1848 791 1922 emblemate
812 1843 892 1920 Filii
914 1847 1005 1936 Dei,
1036 1851 1162 1944 partim
1178 1872 1221 1924 ex
1235 1849 1293 1925 Fi·

131 1943 173 2018 lii
195 1945 350 2021 hominis
370 1943 581 2019 addutlione
604 1943 647 2016 ad
667 1941 830 2038 Judicem
845 1967 926 2020 cum
940 1950 1190 2037 urbisveteris,
1215 1971 1291 2046 par-

8 2109 10 2114 .
131 2042 200 2119 tim
226 2065 268 2118 ex
293 2044 421 2139 Angeli
442 2040 690 2136 expositione,
726 2063 815 2137 quae
830 2041 958 2134 senilis
976 2045 1010 2117 &
1021 2038 1138 2140 populu
1154 2043 1288 2122 sancio·

135 2161 219 2215 rum
247 2163 397 2236 regnum
420 2137 521 2212 fuisse
547 2137 714 2214 traditum
736 2140 854 2250 hauet.
947 2161 1013 2252 uae
1038 2141 1287 2255 sublesta-sunt

133 2233 886 2421 illisis...illitliltmlllili
903 2255 973 2404 ⁰115
994 2238 1110 2426 lissi.
1134 2237 1289 2412 deiris

87 2523 90 2526 Ι
133 2452 217 2505 eam
233 2429 456 2505 sententiam.
506 2424 643 2500 Patrem
661 2430 778 2516 enim,
804 2427 927 2510 &non
941 2423 1090 2520 lilium,
1123 2451 1186 2523 pei
1201 2439 1290 2506 anti.

64 2557 101 2636 .'
131 2551 260 2700 Pium,
299 2527 358 2601 vel
376 2537 615 2639 permanentem
639 2526 783 2613 dierum,
824 2523 893 2598 esse
914 2527 1180 2642 intelligendum
1190 2577 1206 2640 ,Ι
1242 2550 1289 2642 eir

127 2645 318 2722 -uperiore
338 2622 514 2713 Differo,
555 2644 592 2696 ni
614 2621 739 2712 fallor,
779 2624 873 2697 clare
894 2623 1071 2701 elucescit.
1130 2625 1288 2718 Reliquis

10 2748 16 2759 ·
55 2748 59 2758 ·
127 2721 398 2799 difficultatibus
430 2721 578 2814 sequeris
615 2720 804 2815 explicatio
836 2720 1034 2799 satisfaciet.
1092 2721 1214 2824 Quare
1240 2723 1286 2798 ad

130 2839 212 2896 eain
235 2843 319 2896 mox
364 2843 403 2892 er
427 2843 463 2895 o.
597 2865 602 2874 ·

184 2921 218 3008 §.
233 2917 298 2992 Vl.
323 2841 533 3012 deglimur
556 2915 676 3013 itaque
701 2917 844 2992 Messias
877 2937 908 2992 1.
925 2913 1037 2992 iliius
1052 2923 1188 2995 liminis
1203 2942 1287 2998 cuin

130 3013 296 3090 humanae
318 3031 451 3088 naturae
473 3014 650 3108 resped'tim
683 3037 788 3109 quam
808 3014 991 3104 indueret,
1016 3033 1091 3092 tuin
1114 3018 1157 3091 ad
1179 3020 1306 3113 quali..
1347 3051 1354 3064 ι

121 3110 426 3205 tatesregiminis
448 3113 522 3202 ejus
535 3112 785 3208 depingendae.
834 3113 998 3203 Humana
1012 3131 1136 3188 natura
1150 3117 1208 3188 liic
1221 3128 1306 3191 ein·

130 3206 250 3304 presse
273 3219 510 3290 memoratur,
536 3229 610 3281 non
627 3222 766 3281 tantuin
781 3208 878 3298 quod
892 3228 1038 3305 regnum
1056 3233 1127 3285 non
1144 3211 1206 3288 nisi
1221 3213 1285 3286 ho·
1379 3239 1387 3256 ·

132 3327 198 3381 mo
235 3301 345 3378 fedius
375 3301 569 3396 capesseret
590 3303 624 3374 dt
645 3301 926 3392 administraret,
964 3303 1023 3378 sed
1046 3306 1079 3378 dt
1102 3307 1197 3399 quod
1219 3313 1284 3400 pe'r

122 3403 226 3484 ·hanc
248 3401 355 3496 ipsam
367 3398 659 3475 demissionem&
682 3399 959 3482 humiliationem
976 3400 1069 3475 suani
1081 3403 1137 3493 jus
1150 3403 1193 3476 ad
1208 3425 1287 3500 reg·

27 3555 30 3566 .
125 3521 223 3576 -num
239 3502 460 3592 acquireret.
495 3495 581 3572 Phil.
610 3517 664 3570 rr.
688 3496 768 3590 Joh.
790 3519 827 3571 vt
849 3518 906 3590 27.
969 3495 1058 3666 quae
1084 3497 1170 3590 nota
1189 3497 1283 3604 sunt.

123 3599 227 3686 ·Sed‚
254 3619 336 3673 cuin
362 3597 495 3690 reliqua
515 3595 637 3693 Regna
658 3593 720 3669 sub
738 3591 893 3686 ferarum
916 3597 997 3668 emb
1012 3611 1126 3668 emate
1149 3593 1286 3672 fuerint

126 3695 311 3776 exhibita,
336 3697 497 3789 quintum
520 3715 609 3766 vero
625 3687 700 3786 filiu
714 3695 852 3765 luminis
866 3690 1020 3768 dandum
1039 3689 1108 3764 esse
1125 3691 1284 3784 ditatura

132 3789 241 3890 Regis
265 3794 436 3890 regnique
459 3791 559 3882 hujus
581 3793 687 3888 longe
704 3789 854 3864 diversas
872 3788 906 3863 aa
921 3788 1094 3885 oppositas
1109 3787 1187 3863 fore
1202 3811 1284 3883 qua·

130 3887 250 3966 litotes
265 3937 279 3982 ‚
303 3890 397 3965 clare
411 3889 509 3966 simul
524 3887 731 3968 insinuatur.
779 3886 963 3988 Quantum
984 3907 1004 3962 a
1011 3883 1168 3982 serarum
1183 3888 1287 4060 ind?-

122 4027 125 4034 ·
1262 4007 1283 4061 e
