3502 4758
321 282 1161 459 invnircrurnonureuis.
1264 380 1335 458 107

177 561 299 648 ceptam
322 545 366 632 (ἕ
385 549 595 621 inebrirotom
618 551 874 635 intonarunt,
905 543 1087 620 referente
1102 545 1293 622 Herodoto
1307 549 1331 622 l.

180 667 212 722 1.
236 670 266 721 c.
296 647 374 723 106.
398 667 516 739 eoque
534 643 693 718 facinore
716 640 870 737 Urfinam
888 644 1044 719 indolem
1060 645 1199 742 egregie
1216 644 1332 720 osten·
1446 663 1450 666 ·
1495 687 1497 694 -

177 744 324 836 derunt3
349 744 567 836 multamque
590 765 720 816 carnem
742 741 931 816 comedilse
957 741 1028 815 dici
1051 741 1210 836 poliunt:
1243 757 1330 817 atta-

10 877 12 940 3
175 864 258 918 rnen
281 841 478 938 Scytharum
524 853 642 914 entem
663 861 844 933 nunquam
870 839 1114 932 subjecerunt,
1140 839 1330 936 nequidem

37 990 42 1000 ,
174 939 313 1039 adgrelli
336 937 426 1014 sunt.
484 862 604 1037 {aare
627 938 722 1012 inter
745 935 844 1030 costas
864 937 901 1011 in
922 960 985 1011 ore
1005 937 1093 1028 urfi,
1124 937 1150 1014 li
1173 936 1329 1013 devidios

173 1039 324 1132 populos
347 1038 561 1132 expingant‚
586 1037 708 1109 locum
731 1035 862 1109 habere
885 1053 1081 1129 nequeunt.
1137 1036 1206 1110 Sed
1228 1035 1331 1110 Phra·

175 1153 269 1207 ortes
288 1133 396 1226 Perfis
412 1136 546 1210 bellum
561 1133 700 1218 intulit,
727 1153 859 1226 eosque
875 1135 1037 1206 omnium
1051 1133 1185 1223 primos
1203 1133 1332 1215 donadac

178 1237 293 1310 ἐποίησε
316 1236 352 1301 ia
380 1225 566 1322 potestatem
588 1231 744 1320 redegit,
782 1244 823 1299 ut
853 1229 960 1300 habet
989 1228 1168 1302 Herodot.
1191 1229 1214 1300 l.
1243 1249 1273 1300 r.
1300 1251 1331 1300 c.

181 1343 261 1400 102.
284 1325 344 1417 qui
366 1345 452 1396 mox
475 1321 591 1410 addit,
627 1323 834 1394 Phraortenr
854 1323 898 1393 ab
919 1341 965 1393 eo
978 1335 1143 1414 tempore
1160 1321 1243 1394 duas
1258 1346 1333 1417 gen·

177 1435 247 1509 tes,
280 1435 467 1515 utramque
489 1419 659 1505 ualidum,
692 1415 853 1492 tenuisse.
909 1417 1091 1511 Deinceps
1117 1417 1153 1491 in
1176 1417 1332 1512 Allyrios

175 1517 284 1592 altera
299 1519 400 1604 vice,
425 1513 508 1610 post
521 1514 663 1607 Scythas
678 1511 809 1607 ejedlos
824 1514 858 1586 da
876 1511 1078 1609 superatos,
1094 1514 1266 1608 impeturn
1281 1517 1333 1588 fe-

81 1650 86 1660 ·
172 1615 223 1686 cit
245 1615 417 1708 cyaxares
443 1635 474 1684 1.
497 1634 650 1704 eosque,
687 1625 819 1706 excepta
842 1610 1051 1706 Babylonica,
1061 1618 1229 1706 portione,
1256 1615 1332 1688 sub·

171 1713 263 1808 egit,
281 1709 411 1784 eodem
428 1705 516 1781 teste
532 1706 710 1781 Historico
727 1707 748 1781 l.
761 1727 791 1781 1.
807 1729 838 1781 c.
858 1713 934 1781 106.
1001 1709 1117 1782 uando
1132 1708 1194 1784 sub
1210 1708 1330 1803 Astya-

169 1831 214 1906 ge
238 1829 303 1904 per
324 1805 520 1901 Cyaxarem
547 1827 622 1895 11.,
649 1826 719 1898 ope
733 1802 962 1880 Persarum-da
1009 1805 1063 1900 yri
1080 1807 1258 1898 adjutum,
1273 1809 1330 1880 ad·

166 1903 252 1998 jeai
270 1903 349 1979 sunt
365 1904 426 1998 ipli
441 1903 638 1998 Babylonii:
664 1903 708 1976 de
726 1925 798 1996 quo
813 1901 915 1996 supra
930 1905 1069 1997 prolixe
1085 1904 1237 1978 differui.
1262 1905 1328 1978 Ec·

166 2025 208 2076 ce
232 2020 306 2102 ares
316 2001 495 2096 populos,
522 1997 661 2092 Persas,
687 1995 839 2097 Affyrios
855 2001 889 2074 da
905 1999 1121 2096 Babylonios,
1147 2000 1227 2096 post
1241 2003 1328 2078 rnul-

165 2115 236 2176 tam
262 2121 404 2174 carnenr
429 2099 657 2187 devoratam,
688 2098 724 2172 in
746 2122 798 2170 ora
821 2097 898 2170 Ursr
928 2097 989 2173 seu
1008 2100 1220 2174 Medorum!
1246 2100 1327 2185 Nec

163 2195 234 2272 fine
255 2196 406 2290 emphasi
426 2202 512 2268 inter
526 2197 655 2282 dentes,
669 2193 774 2267 instar
794 2193 962 2278 collorum.
1000 2197 1112 2270 lnter
1128 2201 1238 2270 denras
1251 2197 1326 2271 fue-

19 2285 31 2390 ¹.
164 2313 274 2379 runt,
300 2297 380 2384 quia
401 2293 521 2364 multis
542 2291 656 2364 modis
677 2291 920 2385 expilabantur
942 2313 984 2363 ac
1003 2294 1224 2367 vexabantur
1240 2293 1327 2368 dura

163 2390 341 2465 servitute
370 2383 488 2482 preffi:
521 2386 565 2456 de
589 2408 660 2480 quo
687 2385 799 2480 supra.
858 2385 968 2482 Quod
990 2388 1082 2460 didio
1108 2387 1254 2484 Augusti
1281 2391 1326 2461 de

146 2485 343 2584 ,Tiberi0,
381 2481 533 2580 miserum
551 2485 706 2578 populum
730 2481 938 2580 Romanum,
977 2489 1033 2577 qui
1050 2481 1112 2578 sub
1137 2501 1205 2556 rum
1229 2489 1327 2557 lentis

162 2587 314 2660 maxillis
329 2586 415 2670 erit,
447 2579 595 2654 Sueton.
613 2580 650 2653 in
668 2579 690 2653 'l
701 2579 817 2653 iberio
831 2561 862 2651 d.
879 2601 949 2667 21„
965 2579 1107 2748 effregie
1123 2577 1326 2658 illustratur.
1391 2606 1401 2618 ·

163 2681 266 2777 Costa
284 2702 370 2754 vero
393 2687 459 2752 llos
486 2675 530 2750 ad
548 2675 663 2750 clades
678 2697 803 2751 eorum
819 2675 853 2749 &
871 2698 985 2770 oppre
1010 2684 1110 2751 ron'es
1127 2678 1327 2772 praeceden·

161 2797 216 2858 tes
242 2779 399 2867 ducunt3
432 2797 579 2869 quarum
603 2773 699 2872 signa
721 2775 756 2850 da
777 2771 978 2848 testimonia
1003 2773 1227 2870 supererant,
1256 2800 1326 2872 prae
1353 2769 1359 2779 ’

159 2879 304 2972 reliquis
331 2874 472 2969 populis
501 2895 521 2946 a
541 2874 658 2946 Medis
683 2871 838 2968 spoliatis
859 2871 1013 2970 indgnia.
1072 2873 1162 2976 Quae
1183 2881 1326 2950 ternarii

159 2973 307 3051 numeri
327 2977 417 3044 ratio
441 2969 504 3042 est.
559 2971 699 3071 Quibus
724 2969 844 3044 nescio
869 2993 912 3045 an
936 2973 1064 3046 addere
1088 2975 1215 3064 liceat,
1247 2997 1323 3048 eos·

161 3073 248 3147 dem
270 3068 421 3160 populos
444 3067 540 3134 robur
562 3070 661 3163 regni
680 3069 894 3156 Medorum,
921 3073 1015 3162 quod
1033 3071 1077 3142 de
1094 3068 1202 3164 Parfir
1218 3067 1323 3146 diser·

164 3185 203 3244 te
225 3163 313 3240 dicit
336 3159 512 3234 Herodot.
534 3160 558 3229 l.
585 3181 614 3234 1.
638 3185 668 3235 c.
699 3189 802 3254 1oo.,
827 3167 945 3239 multis
975 3167 1088 3242 modis
1116 3167 1320 3261 praestitisse.

162 3263 241 3342 Etsi
267 3251 485 3352 eninr'costoe
509 3275 576 3346 pro
598 3257 752 3350 reliquiis
767 3262 801 3331 &
814 3261 915 3356 lignis
931 3263 1109 3340 devoratae
1125 3273 1260 3355 carnis,
1286 3267 1322 3340 &

145 3361 387 3459 populorum
414 3349 660 3441 devidlorunr,
694 3353 888 3430 habeantur
907 3361 1024 3448 primo
1041 3361 1142 3435 loco:
1170 3363 1256 3434 nihil
1272 3377 1323 3446 ta,-

163 3481 250 3536 men
273 3452 443 3550 impedire
467 3449 633 3538 videtur,
660 3449 867 3545 quominus
882 3452 918 3526 in
933 3453 1023 3543 collis
1038 3455 1080 3528 ad
1097 3457 1189 3528 viras
1203 3454 1270 3530 ursl
1283 3455 1323 3534 fi·

164 3557 241 3634 mul
258 3553 500 3647 respiciamus,
525 3546 634 3636 &has
649 3545 748 3640 rodni
762 3547 799 3622 in
817 3545 948 3645 lignum
964 3548 1222 3628 fortissimarum
1238 3575 1323 3651 gen·

164 3656 278 3742 tium,
305 3673 387 3746 quas
408 3645 574 3738 subjeuas
598 3647 767 3735 tenebat,
793 3647 1011 3742 quarumque
1032 3647 1166 3735 viribus
1191 3652 1240 3728 uti
1258 3673 1322 3746 po·

164 3767 281 3840 terat,
307 3750 350 3822 ab
374 3746 449 3823 ursa
470 3743 572 3820 fuille
596 3743 1042 3830 ostentatas²admittarrrus.
1109 3745 1193 3849 Quo
1215 3749 1321 3844 facit,

166 3849 291 3948 costas,
318 3843 406 3921 teste
422 3843 619 3938 achmete,
645 3847 739 3922 vires
758 3845 911 3920 hominis
927 3841 1129 3945 fignificare,

733 3942 768 4018 Ο
794 3963 815 4018 2
1103 3949 1135 4039 §.
1149 3935 1241 4024 LlX.
1266 3905 1327 4021 Al
