<?xml version="1.0" encoding="UTF-8"?>
<!DOCTYPE html PUBLIC "-//W3C//DTD XHTML 1.0 Transitional//EN"
    "http://www.w3.org/TR/xhtml1/DTD/xhtml1-transitional.dtd">
<html xmlns="http://www.w3.org/1999/xhtml" xml:lang="en" lang="en">
 <head>
  <title>
</title>
<meta http-equiv="Content-Type" content="text/html;charset=utf-8" />
  <meta name='ocr-system' content='tesseract 3.04.00' />
  <meta name='ocr-capabilities' content='ocr_page ocr_carea ocr_par ocr_line ocrx_word'/>
</head>
<body>
  <div class='ocr_page' id='page_1' title='image "./dissertationesa00venegoog_0391.png"; bbox 0 0 3418 4754; ppageno 0'>
   <div class='ocr_carea' id='block_1_1' title="bbox 306 387 1373 562">
    <p class='ocr_par' dir='ltr' id='par_1_1' title="bbox 306 387 1373 562">
     <span class='ocr_line' id='line_1_1' title="bbox 306 387 1373 562; baseline 0.002 -50"><span class='ocrx_word' id='word_1_1' title='bbox 306 419 374 512; x_wconf 68' lang='lat' dir='ltr'><strong>ln.</strong></span> <span class='ocrx_word' id='word_1_2' title='bbox 412 427 809 532; x_wconf 59' lang='lat' dir='ltr'><strong>vnrrorurs⁸</strong></span> <span class='ocrx_word' id='word_1_3' title='bbox 836 387 1172 520; x_wconf 74' lang='lat' dir='ltr'><strong>usuretr&#39;s.</strong></span> <span class='ocrx_word' id='word_1_4' title='bbox 1202 411 1218 562; x_wconf 16' lang='grc' dir='ltr'><strong><em>Ἰ</em></strong></span> <span class='ocrx_word' id='word_1_5' title='bbox 1246 463 1315 556; x_wconf 67' lang='lat'><strong>³27</strong></span> <span class='ocrx_word' id='word_1_6' title='bbox 1367 417 1373 424; x_wconf 84' lang='grc'><strong>’</strong></span> 
     </span>
    </p>
   </div>
   <div class='ocr_carea' id='block_1_2' title="bbox 95 615 1436 4094">
    <p class='ocr_par' dir='ltr' id='par_1_2' title="bbox 128 615 1436 2553">
     <span class='ocr_line' id='line_1_2' title="bbox 144 615 1309 719; baseline 0.003 -25"><span class='ocrx_word' id='word_1_7' title='bbox 144 621 303 719; x_wconf 81' lang='lat' dir='ltr'><strong>¹gionem</strong></span> <span class='ocrx_word' id='word_1_8' title='bbox 317 617 497 716; x_wconf 83' lang='lat' dir='ltr'><strong>Judeicam</strong></span> <span class='ocrx_word' id='word_1_9' title='bbox 520 621 707 696; x_wconf 90' lang='lat' dir='ltr'><strong>continens</strong></span> <span class='ocrx_word' id='word_1_10' title='bbox 718 668 738 708; x_wconf 91' lang='lat'><strong>,.</strong></span> <span class='ocrx_word' id='word_1_11' title='bbox 755 619 978 712; x_wconf 76' lang='lat' dir='ltr'><strong>preparavit·</strong></span> <span class='ocrx_word' id='word_1_12' title='bbox 1027 615 1119 718; x_wconf 82' lang='lat' dir='ltr'><strong>Quae</strong></span> <span class='ocrx_word' id='word_1_13' title='bbox 1133 621 1240 698; x_wconf 85' lang='lat' dir='ltr'><strong>etiam</strong></span> <span class='ocrx_word' id='word_1_14' title='bbox 1257 645 1309 698; x_wconf 85' lang='lat' dir='ltr'><strong>ra·</strong></span> 
     </span>
     <span class='ocr_line' id='line_1_3' title="bbox 152 715 1309 811; baseline 0.003 -17"><span class='ocrx_word' id='word_1_15' title='bbox 152 721 215 794; x_wconf 88' lang='lat' dir='ltr'><strong>tio</strong></span> <span class='ocrx_word' id='word_1_16' title='bbox 236 717 316 809; x_wconf 88' lang='lat' dir='ltr'><strong>est,</strong></span> <span class='ocrx_word' id='word_1_17' title='bbox 356 738 465 811; x_wconf 87' lang='lat' dir='ltr'><strong>quare</strong></span> <span class='ocrx_word' id='word_1_18' title='bbox 492 717 733 792; x_wconf 74' lang='lat' dir='ltr'>conversionis</span> <span class='ocrx_word' id='word_1_19' title='bbox 757 717 930 801; x_wconf 72' lang='lat' dir='ltr'><strong>Gentium</strong></span> <span class='ocrx_word' id='word_1_20' title='bbox 954 715 1145 810; x_wconf 85' lang='lat' dir='ltr'><strong>primordia</strong></span> <span class='ocrx_word' id='word_1_21' title='bbox 1169 720 1213 794; x_wconf 89' lang='lat' dir='ltr'><strong>ab</strong></span> <span class='ocrx_word' id='word_1_22' title='bbox 1237 720 1309 798; x_wconf 91' lang='lat' dir='ltr'><strong>hoc</strong></span> 
     </span>
     <span class='ocr_line' id='line_1_4' title="bbox 149 813 1436 911; baseline 0.004 -23"><span class='ocrx_word' id='word_1_23' title='bbox 149 815 234 910; x_wconf 88' lang='lat' dir='ltr'><strong>ipso</strong></span> <span class='ocrx_word' id='word_1_24' title='bbox 249 831 411 910; x_wconf 88' lang='lat' dir='ltr'><strong>tempore</strong></span> <span class='ocrx_word' id='word_1_25' title='bbox 427 829 634 908; x_wconf 79' lang='lat' dir='ltr'>repetantur</span> <span class='ocrx_word' id='word_1_26' title='bbox 649 816 686 890; x_wconf 90' lang='lat' dir='ltr'><strong>in</strong></span> <span class='ocrx_word' id='word_1_27' title='bbox 706 817 819 888; x_wconf 89' lang='lat' dir='ltr'><strong>verbo</strong></span> <span class='ocrx_word' id='word_1_28' title='bbox 834 814 1070 907; x_wconf 89' lang='lat' dir='ltr'><strong>Prophetico,</strong></span> <span class='ocrx_word' id='word_1_29' title='bbox 1094 817 1307 911; x_wconf 87' lang='lat' dir='ltr'><strong>complenda</strong></span> <span class='ocrx_word' id='word_1_30' title='bbox 1432 813 1436 820; x_wconf 83' lang='grc'><em>’</em></span> 
     </span>
     <span class='ocr_line' id='line_1_5' title="bbox 146 909 1305 1007; baseline 0.003 -21"><span class='ocrx_word' id='word_1_31' title='bbox 146 911 219 986; x_wconf 87' lang='lat' dir='ltr'><strong>sub</strong></span> <span class='ocrx_word' id='word_1_32' title='bbox 244 911 389 1002; x_wconf 86' lang='lat' dir='ltr'><strong>Mesila,</strong></span> <span class='ocrx_word' id='word_1_33' title='bbox 412 910 480 1007; x_wconf 80' lang='lat' dir='ltr'><strong>les.</strong></span> <span class='ocrx_word' id='word_1_34' title='bbox 504 933 574 987; x_wconf 79' lang='lat' dir='ltr'><strong>xiv:</strong></span> <span class='ocrx_word' id='word_1_35' title='bbox 605 933 636 987; x_wconf 92' lang='lat'><strong>1.</strong></span> <span class='ocrx_word' id='word_1_36' title='bbox 660 933 757 986; x_wconf 79' lang='lat' dir='ltr'><strong>xuni:</strong></span> <span class='ocrx_word' id='word_1_37' title='bbox 776 933 830 1003; x_wconf 89' lang='lat'><strong>¹9·</strong></span> <span class='ocrx_word' id='word_1_38' title='bbox 856 909 1180 1005; x_wconf 83' lang='lat' dir='ltr'><strong>ecrefaeionooum,</strong></span> <span class='ocrx_word' id='word_1_39' title='bbox 1206 935 1305 990; x_wconf 76' lang='lat' dir='ltr'><strong>uusc</strong></span> 
     </span>
     <span class='ocr_line' id='line_1_6' title="bbox 128 1007 1305 1105; baseline -0.005 -23"><span class='ocrx_word' id='word_1_40' title='bbox 128 1007 330 1104; x_wconf 75' lang='lat' dir='ltr'><strong>,efflorefret</strong></span> <span class='ocrx_word' id='word_1_41' title='bbox 357 1031 429 1084; x_wconf 78' lang='lat' dir='ltr'><strong>uui:</strong></span> <span class='ocrx_word' id='word_1_42' title='bbox 456 1032 489 1102; x_wconf 85' lang='lat'><strong>3.</strong></span> <span class='ocrx_word' id='word_1_43' title='bbox 515 1010 581 1083; x_wconf 76' lang='lat' dir='ltr'><strong>&amp;e</strong></span> <span class='ocrx_word' id='word_1_44' title='bbox 605 1009 711 1083; x_wconf 81' lang='lat' dir='ltr'><strong>zach.</strong></span> <span class='ocrx_word' id='word_1_45' title='bbox 739 1029 792 1082; x_wconf 89' lang='lat'><strong>11:</strong></span> <span class='ocrx_word' id='word_1_46' title='bbox 819 1027 874 1096; x_wconf 82' lang='lat'><strong>15.</strong></span> <span class='ocrx_word' id='word_1_47' title='bbox 898 1029 1131 1101; x_wconf 73' lang='lat' dir='ltr'><strong>v111222,23.</strong></span> <span class='ocrx_word' id='word_1_48' title='bbox 1180 1033 1216 1101; x_wconf 87' lang='lat'><strong>4.</strong></span> <span class='ocrx_word' id='word_1_49' title='bbox 1241 1013 1305 1105; x_wconf 86' lang='lat' dir='ltr'><strong>Sy.</strong></span> 
     </span>
     <span class='ocr_line' id='line_1_7' title="bbox 144 1103 1304 1204; baseline -0.001 -23"><span class='ocrx_word' id='word_1_50' title='bbox 144 1129 367 1204; x_wconf 85' lang='lat' dir='ltr'><strong>nagogarurn</strong></span> <span class='ocrx_word' id='word_1_51' title='bbox 389 1107 601 1193; x_wconf 89' lang='lat' dir='ltr'><strong>multitudo,</strong></span> <span class='ocrx_word' id='word_1_52' title='bbox 626 1103 796 1180; x_wconf 85' lang='lat' dir='ltr'><strong>&amp;cultus</strong></span> <span class='ocrx_word' id='word_1_53' title='bbox 816 1103 1008 1200; x_wconf 85' lang='lat' dir='ltr'><strong>Religionis</strong></span> <span class='ocrx_word' id='word_1_54' title='bbox 1030 1106 1069 1202; x_wconf 91' lang='lat' dir='ltr'><strong>in</strong></span> <span class='ocrx_word' id='word_1_55' title='bbox 1086 1109 1127 1180; x_wconf 95' lang='lat' dir='ltr'><strong>iis</strong></span> <span class='ocrx_word' id='word_1_56' title='bbox 1143 1107 1304 1202; x_wconf 82' lang='lat' dir='ltr'><strong>exerceri</strong></span> 
     </span>
     <span class='ocr_line' id='line_1_8' title="bbox 143 1199 1302 1297; baseline 0.001 -17"><span class='ocrx_word' id='word_1_57' title='bbox 143 1204 294 1291; x_wconf 81' lang='lat' dir='ltr'><strong>solitus,</strong></span> <span class='ocrx_word' id='word_1_58' title='bbox 335 1204 394 1276; x_wconf 90' lang='lat' dir='ltr'><strong>cui</strong></span> <span class='ocrx_word' id='word_1_59' title='bbox 414 1203 608 1295; x_wconf 79' lang='lat' dir='ltr'><strong>spiritualis</strong></span> <span class='ocrx_word' id='word_1_60' title='bbox 631 1202 771 1297; x_wconf 87' lang='lat' dir='ltr'><strong>Religio</strong></span> <span class='ocrx_word' id='word_1_61' title='bbox 794 1199 1009 1296; x_wconf 84' lang='lat' dir='ltr'><strong>Euangelica</strong></span> <span class='ocrx_word' id='word_1_62' title='bbox 1030 1204 1193 1294; x_wconf 82' lang='lat' dir='ltr'><strong>proxime</strong></span> <span class='ocrx_word' id='word_1_63' title='bbox 1216 1224 1302 1281; x_wconf 86' lang='lat' dir='ltr'><strong>con·</strong></span> 
     </span>
     <span class='ocr_line' id='line_1_9' title="bbox 143 1298 1350 1396; baseline 0.004 -23"><span class='ocrx_word' id='word_1_64' title='bbox 143 1302 344 1388; x_wconf 84' lang='lat' dir='ltr'><strong>veniebat,</strong></span> <span class='ocrx_word' id='word_1_65' title='bbox 368 1300 520 1374; x_wconf 85' lang='lat' dir='ltr'><strong>multum</strong></span> <span class='ocrx_word' id='word_1_66' title='bbox 543 1298 587 1372; x_wconf 89' lang='lat' dir='ltr'><strong>ad</strong></span> <span class='ocrx_word' id='word_1_67' title='bbox 610 1301 745 1374; x_wconf 81' lang='lat' dir='ltr'><strong>animos</strong></span> <span class='ocrx_word' id='word_1_68' title='bbox 761 1321 780 1370; x_wconf 90' lang='lat' dir='ltr'><strong>a</strong></span> <span class='ocrx_word' id='word_1_69' title='bbox 794 1300 922 1371; x_wconf 86' lang='lat' dir='ltr'><strong>carneli</strong></span> <span class='ocrx_word' id='word_1_70' title='bbox 940 1299 1039 1372; x_wconf 88' lang='lat' dir='ltr'><strong>cultu</strong></span> <span class='ocrx_word' id='word_1_71' title='bbox 1057 1299 1159 1396; x_wconf 87' lang='lat' dir='ltr'><strong>legali</strong></span> <span class='ocrx_word' id='word_1_72' title='bbox 1174 1301 1302 1378; x_wconf 84' lang='lat' dir='ltr'><strong>abstra-</strong></span> <span class='ocrx_word' id='word_1_73' title='bbox 1344 1317 1350 1330; x_wconf 89' lang='lat'>&#39;</span> 
     </span>
     <span class='ocr_line' id='line_1_10' title="bbox 144 1393 1299 1491; baseline 0.003 -20"><span class='ocrx_word' id='word_1_74' title='bbox 144 1397 318 1484; x_wconf 91' lang='lat' dir='ltr'><strong>hendos,</strong></span> <span class='ocrx_word' id='word_1_75' title='bbox 358 1395 635 1489; x_wconf 83' lang='lat' dir='ltr'><strong>&amp;spiritualem</strong></span> <span class='ocrx_word' id='word_1_76' title='bbox 657 1393 927 1490; x_wconf 87' lang='lat' dir='ltr'><strong>adoptandum,</strong></span> <span class='ocrx_word' id='word_1_77' title='bbox 967 1395 1122 1470; x_wconf 89' lang='lat' dir='ltr'><strong>tribuere</strong></span> <span class='ocrx_word' id='word_1_78' title='bbox 1145 1414 1299 1491; x_wconf 77' lang='lat' dir='ltr'><strong>poterat.</strong></span> 
     </span>
     <span class='ocr_line' id='line_1_11' title="bbox 144 1489 1301 1590; baseline 0.003 -22"><span class='ocrx_word' id='word_1_79' title='bbox 144 1516 183 1586; x_wconf 81' lang='lat'><strong>5.</strong></span> <span class='ocrx_word' id='word_1_80' title='bbox 213 1493 355 1568; x_wconf 87' lang='lat' dir='ltr'>Addere</span> <span class='ocrx_word' id='word_1_81' title='bbox 378 1494 484 1568; x_wconf 85' lang='lat' dir='ltr'><strong>liceat</strong></span> <span class='ocrx_word' id='word_1_82' title='bbox 504 1492 607 1590; x_wconf 86' lang='lat' dir='ltr'><strong>Legis</strong></span> <span class='ocrx_word' id='word_1_83' title='bbox 628 1491 938 1586; x_wconf 85' lang='lat' dir='ltr'><strong>&amp;Prophetarum</strong></span> <span class='ocrx_word' id='word_1_84' title='bbox 962 1489 1111 1570; x_wconf 86' lang='lat' dir='ltr'><strong>studium</strong></span> <span class='ocrx_word' id='word_1_85' title='bbox 1131 1497 1226 1571; x_wconf 89' lang='lat' dir='ltr'><strong>inter</strong></span> <span class='ocrx_word' id='word_1_86' title='bbox 1239 1495 1301 1589; x_wconf 89' lang='lat' dir='ltr'><strong>Ju·</strong></span> 
     </span>
     <span class='ocr_line' id='line_1_12' title="bbox 142 1587 1296 1688; baseline 0.003 -22"><span class='ocrx_word' id='word_1_87' title='bbox 142 1592 246 1666; x_wconf 85' lang='lat' dir='ltr'><strong>daeos</strong></span> <span class='ocrx_word' id='word_1_88' title='bbox 268 1607 354 1664; x_wconf 87' lang='lat' dir='ltr'><strong>tune</strong></span> <span class='ocrx_word' id='word_1_89' title='bbox 374 1590 544 1683; x_wconf 87' lang='lat' dir='ltr'><strong>temporis</strong></span> <span class='ocrx_word' id='word_1_90' title='bbox 566 1589 789 1664; x_wconf 88' lang='lat' dir='ltr'><strong>suscitatum:</strong></span> <span class='ocrx_word' id='word_1_91' title='bbox 816 1609 888 1682; x_wconf 93' lang='lat' dir='ltr'><strong>quo</strong></span> <span class='ocrx_word' id='word_1_92' title='bbox 909 1587 1039 1664; x_wconf 68' lang='lat' dir='ltr'><strong>fabium</strong></span> <span class='ocrx_word' id='word_1_93' title='bbox 1061 1589 1134 1678; x_wconf 91' lang='lat' dir='ltr'><strong>est,</strong></span> <span class='ocrx_word' id='word_1_94' title='bbox 1157 1608 1199 1666; x_wconf 89' lang='lat' dir='ltr'><strong>ut</strong></span> <span class='ocrx_word' id='word_1_95' title='bbox 1213 1614 1296 1688; x_wconf 81' lang='lat' dir='ltr'><strong>cum</strong></span> 
     </span>
     <span class='ocr_line' id='line_1_13' title="bbox 142 1685 1298 1781; baseline -0.002 -19"><span class='ocrx_word' id='word_1_96' title='bbox 142 1687 303 1762; x_wconf 86' lang='lat' dir='ltr'><strong>saniores</strong></span> <span class='ocrx_word' id='word_1_97' title='bbox 323 1687 482 1781; x_wconf 88' lang='lat' dir='ltr'><strong>accipere</strong></span> <span class='ocrx_word' id='word_1_98' title='bbox 507 1688 719 1780; x_wconf 90' lang='lat' dir='ltr'><strong>potuerint,</strong></span> <span class='ocrx_word' id='word_1_99' title='bbox 758 1685 961 1778; x_wconf 87' lang='lat' dir='ltr'><strong>acceperint</strong></span> <span class='ocrx_word' id='word_1_100' title='bbox 984 1685 1089 1760; x_wconf 85' lang='lat' dir='ltr'><strong>etiarn</strong></span> <span class='ocrx_word' id='word_1_101' title='bbox 1114 1691 1298 1780; x_wconf 86' lang='lat' dir='ltr'><strong>nonnulli,</strong></span> 
     </span>
     <span class='ocr_line' id='line_1_14' title="bbox 141 1780 1297 1882; baseline -0.006 -23"><span class='ocrx_word' id='word_1_102' title='bbox 141 1786 193 1859; x_wconf 87' lang='lat' dir='ltr'><strong>de</strong></span> <span class='ocrx_word' id='word_1_103' title='bbox 218 1807 303 1857; x_wconf 89' lang='lat' dir='ltr'><strong>vera</strong></span> <span class='ocrx_word' id='word_1_104' title='bbox 323 1783 534 1882; x_wconf 91' lang='lat' dir='ltr'><strong>Religione,</strong></span> <span class='ocrx_word' id='word_1_105' title='bbox 564 1786 737 1857; x_wconf 89' lang='lat' dir='ltr'><strong>avirture</strong></span> <span class='ocrx_word' id='word_1_106' title='bbox 760 1780 795 1854; x_wconf 77' lang='lat' dir='ltr'><strong>bt</strong></span> <span class='ocrx_word' id='word_1_107' title='bbox 817 1781 1162 1876; x_wconf 50' lang='lat' dir='ltr'><strong>Legum&#39;moralium</strong></span> <span class='ocrx_word' id='word_1_108' title='bbox 1179 1785 1297 1862; x_wconf 88' lang='lat' dir='ltr'><strong>obser.</strong></span> 
     </span>
     <span class='ocr_line' id='line_1_15' title="bbox 138 1877 1294 1980; baseline 0.003 -25"><span class='ocrx_word' id='word_1_109' title='bbox 138 1882 269 1956; x_wconf 80' lang='lat' dir='ltr'><strong>vantia</strong></span> <span class='ocrx_word' id='word_1_110' title='bbox 290 1905 362 1954; x_wconf 94' lang='lat' dir='ltr'><strong>non</strong></span> <span class='ocrx_word' id='word_1_111' title='bbox 386 1881 592 1977; x_wconf 75' lang='lat' dir='ltr'><strong>separanda,</strong></span> <span class='ocrx_word' id='word_1_112' title='bbox 618 1883 653 1956; x_wconf 78' lang='grc' dir='ltr'><strong>δι</strong></span> <span class='ocrx_word' id='word_1_113' title='bbox 675 1884 749 1972; x_wconf 85' lang='lat' dir='ltr'><strong>ejus</strong></span> <span class='ocrx_word' id='word_1_114' title='bbox 762 1877 902 1966; x_wconf 65' lang='lat' dir='ltr'><strong>sruRu,</strong></span> <span class='ocrx_word' id='word_1_115' title='bbox 926 1901 999 1952; x_wconf 91' lang='lat' dir='ltr'><strong>non</strong></span> <span class='ocrx_word' id='word_1_116' title='bbox 1019 1883 1203 1980; x_wconf 67' lang='lat' dir='ltr'><strong>temporali</strong></span> <span class='ocrx_word' id='word_1_117' title='bbox 1220 1887 1294 1960; x_wconf 87' lang='lat' dir='ltr'><strong>t&#39;an·</strong></span> 
     </span>
     <span class='ocr_line' id='line_1_16' title="bbox 137 1975 1291 2074; baseline -0.001 -20"><span class='ocrx_word' id='word_1_118' title='bbox 137 1997 249 2067; x_wconf 89' lang='lat' dir='ltr'><strong>tum,</strong></span> <span class='ocrx_word' id='word_1_119' title='bbox 276 1978 333 2052; x_wconf 88' lang='lat' dir='ltr'><strong>sed</strong></span> <span class='ocrx_word' id='word_1_120' title='bbox 354 1975 532 2053; x_wconf 83' lang='lat' dir='ltr'><strong>&amp;aet&#39;erna</strong></span> <span class='ocrx_word' id='word_1_121' title='bbox 546 1977 741 2068; x_wconf 88' lang='lat' dir='ltr'><strong>felicitate,</strong></span> <span class='ocrx_word' id='word_1_122' title='bbox 768 1975 1023 2071; x_wconf 85' lang='lat' dir='ltr'><strong>cogitationes,</strong></span> <span class='ocrx_word' id='word_1_123' title='bbox 1050 1993 1125 2052; x_wconf 87' lang='lat' dir='ltr'><strong>turn</strong></span> <span class='ocrx_word' id='word_1_124' title='bbox 1141 1979 1177 2054; x_wconf 90' lang='lat' dir='ltr'><strong>in</strong></span> <span class='ocrx_word' id='word_1_125' title='bbox 1195 1979 1291 2074; x_wconf 87' lang='lat' dir='ltr'><strong>spem</strong></span> 
     </span>
     <span class='ocr_line' id='line_1_17' title="bbox 142 2072 1293 2170; baseline 0.002 -20"><span class='ocrx_word' id='word_1_126' title='bbox 142 2077 179 2150; x_wconf 79' lang='lat' dir='ltr'><strong>br</strong></span> <span class='ocrx_word' id='word_1_127' title='bbox 205 2075 499 2170; x_wconf 76' lang='lat' dir='ltr'><strong>exspeblationem</strong></span> <span class='ocrx_word' id='word_1_128' title='bbox 520 2075 705 2149; x_wconf 87' lang='lat' dir='ltr'><strong>meliorurn</strong></span> <span class='ocrx_word' id='word_1_129' title='bbox 728 2089 930 2165; x_wconf 85' lang='lat' dir='ltr'><strong>temporum</strong></span> <span class='ocrx_word' id='word_1_130' title='bbox 952 2072 1014 2146; x_wconf 92' lang='lat' dir='ltr'><strong>sub</strong></span> <span class='ocrx_word' id='word_1_131' title='bbox 1028 2073 1174 2164; x_wconf 82' lang='lat' dir='ltr'><strong>Mesua,</strong></span> <span class='ocrx_word' id='word_1_132' title='bbox 1199 2078 1293 2152; x_wconf 90' lang='lat' dir='ltr'><strong>haud</strong></span> 
     </span>
     <span class='ocr_line' id='line_1_18' title="bbox 139 2168 1293 2270; baseline -0.007 -24"><span class='ocrx_word' id='word_1_133' title='bbox 139 2173 253 2270; x_wconf 91' lang='lat' dir='ltr'><strong>longe</strong></span> <span class='ocrx_word' id='word_1_134' title='bbox 276 2191 518 2259; x_wconf 84' lang='lat' dir='ltr'><strong>remotorum,</strong></span> <span class='ocrx_word' id='word_1_135' title='bbox 543 2171 729 2257; x_wconf 89' lang='lat' dir='ltr'><strong>venerint,</strong></span> <span class='ocrx_word' id='word_1_136' title='bbox 754 2172 813 2240; x_wconf 90' lang='lat' dir='ltr'><strong>vel</strong></span> <span class='ocrx_word' id='word_1_137' title='bbox 829 2168 952 2242; x_wconf 82' lang='lat' dir='ltr'><strong>venire</strong></span> <span class='ocrx_word' id='word_1_138' title='bbox 971 2173 1166 2261; x_wconf 82' lang='lat' dir='ltr'><strong>potuerint.</strong></span> <span class='ocrx_word' id='word_1_139' title='bbox 1219 2177 1293 2248; x_wconf 77' lang='lat' dir='ltr'><strong>Un.</strong></span> 
     </span>
     <span class='ocr_line' id='line_1_19' title="bbox 136 2262 1291 2365; baseline 0 -21"><span class='ocrx_word' id='word_1_140' title='bbox 136 2271 188 2344; x_wconf 91' lang='lat' dir='ltr'><strong>de</strong></span> <span class='ocrx_word' id='word_1_141' title='bbox 221 2271 390 2365; x_wconf 89' lang='lat' dir='ltr'><strong>generalis</strong></span> <span class='ocrx_word' id='word_1_142' title='bbox 407 2267 489 2340; x_wconf 83' lang='lat' dir='ltr'><strong>sere</strong></span> <span class='ocrx_word' id='word_1_143' title='bbox 511 2267 645 2338; x_wconf 87' lang='lat' dir='ltr'><strong>Mesliae</strong></span> <span class='ocrx_word' id='word_1_144' title='bbox 667 2282 750 2338; x_wconf 88' lang='lat' dir='ltr'><strong>nata</strong></span> <span class='ocrx_word' id='word_1_145' title='bbox 771 2262 822 2336; x_wconf 91' lang='lat' dir='ltr'><strong>est</strong></span> <span class='ocrx_word' id='word_1_146' title='bbox 842 2262 1079 2355; x_wconf 70' lang='lat' dir='ltr'><strong>exspcstatio,</strong></span> <span class='ocrx_word' id='word_1_147' title='bbox 1112 2290 1188 2358; x_wconf 86' lang='lat' dir='ltr'><strong>quae</strong></span> <span class='ocrx_word' id='word_1_148' title='bbox 1213 2271 1291 2362; x_wconf 90' lang='lat' dir='ltr'><strong>pios</strong></span> 
     </span>
     <span class='ocr_line' id='line_1_20' title="bbox 136 2359 1288 2460; baseline 0.001 -19"><span class='ocrx_word' id='word_1_149' title='bbox 136 2367 280 2454; x_wconf 89' lang='lat' dir='ltr'><strong>tenuit,</strong></span> <span class='ocrx_word' id='word_1_150' title='bbox 313 2365 348 2437; x_wconf 69' lang='grc' dir='ltr'>ἃ</span> <span class='ocrx_word' id='word_1_151' title='bbox 375 2361 487 2450; x_wconf 86' lang='lat' dir='ltr'><strong>sama,</strong></span> <span class='ocrx_word' id='word_1_152' title='bbox 514 2383 591 2456; x_wconf 83' lang='lat' dir='ltr'><strong>quae</strong></span> <span class='ocrx_word' id='word_1_153' title='bbox 612 2363 721 2460; x_wconf 85' lang='lat' dir='ltr'><strong>uulgo</strong></span> <span class='ocrx_word' id='word_1_154' title='bbox 742 2359 958 2456; x_wconf 87' lang='lat' dir='ltr'><strong>percrebuit.</strong></span> <span class='ocrx_word' id='word_1_155' title='bbox 1008 2359 1065 2434; x_wconf 86' lang='lat' dir='ltr'><strong>De</strong></span> <span class='ocrx_word' id='word_1_156' title='bbox 1080 2384 1153 2455; x_wconf 88' lang='lat' dir='ltr'><strong>quo</strong></span> <span class='ocrx_word' id='word_1_157' title='bbox 1170 2367 1288 2442; x_wconf 80' lang='lat' dir='ltr'><strong>multis</strong></span> 
     </span>
     <span class='ocr_line' id='line_1_21' title="bbox 138 2459 471 2553; baseline -0.012 -14"><span class='ocrx_word' id='word_1_158' title='bbox 138 2463 309 2538; x_wconf 79' lang='lat' dir='ltr'><strong>disserere</strong></span> <span class='ocrx_word' id='word_1_159' title='bbox 326 2459 471 2553; x_wconf 80' lang='lat' dir='ltr'><strong>possem.</strong></span> 
     </span>
    </p>

    <p class='ocr_par' dir='ltr' id='par_1_3' title="bbox 127 2553 1364 3330">
     <span class='ocr_line' id='line_1_22' title="bbox 190 2553 1288 2654; baseline 0.002 -24"><span class='ocrx_word' id='word_1_160' title='bbox 190 2565 223 2651; x_wconf 87' lang='lat'><strong>§.</strong></span> <span class='ocrx_word' id='word_1_161' title='bbox 239 2558 349 2630; x_wconf 89' lang='lat' dir='ltr'><strong>XXV.</strong></span> <span class='ocrx_word' id='word_1_162' title='bbox 400 2579 434 2648; x_wconf 87' lang='lat'><strong>4.</strong></span> <span class='ocrx_word' id='word_1_163' title='bbox 462 2553 658 2632; x_wconf 73' lang='lat' dir='ltr'><strong>Ariiisfima</strong></span> <span class='ocrx_word' id='word_1_164' title='bbox 672 2556 825 2654; x_wconf 86' lang='lat' dir='ltr'><strong>denique</strong></span> <span class='ocrx_word' id='word_1_165' title='bbox 838 2555 1020 2648; x_wconf 88' lang='lat' dir='ltr'><strong>utriusque</strong></span> <span class='ocrx_word' id='word_1_166' title='bbox 1034 2555 1171 2654; x_wconf 85' lang='lat' dir='ltr'><strong>Regni,</strong></span> <span class='ocrx_word' id='word_1_167' title='bbox 1187 2555 1288 2642; x_wconf 83' lang='lat' dir='ltr'><strong>Mae·</strong></span> 
     </span>
     <span class='ocr_line' id='line_1_23' title="bbox 134 2652 1287 2748; baseline 0 -16"><span class='ocrx_word' id='word_1_168' title='bbox 134 2658 269 2732; x_wconf 86' lang='lat' dir='ltr'><strong>cabaici</strong></span> <span class='ocrx_word' id='word_1_169' title='bbox 293 2657 326 2730; x_wconf 79' lang='lat' dir='ltr'><strong>te</strong></span> <span class='ocrx_word' id='word_1_170' title='bbox 348 2653 549 2740; x_wconf 87' lang='lat' dir='ltr'><strong>Christiani,</strong></span> <span class='ocrx_word' id='word_1_171' title='bbox 590 2657 717 2729; x_wconf 89' lang='lat' dir='ltr'><strong>relatio</strong></span> <span class='ocrx_word' id='word_1_172' title='bbox 740 2657 843 2728; x_wconf 91' lang='lat' dir='ltr'><strong>ineo</strong></span> <span class='ocrx_word' id='word_1_173' title='bbox 869 2652 1059 2742; x_wconf 89' lang='lat' dir='ltr'><strong>elucescit,</strong></span> <span class='ocrx_word' id='word_1_174' title='bbox 1097 2656 1192 2748; x_wconf 90' lang='lat' dir='ltr'><strong>quod</strong></span> <span class='ocrx_word' id='word_1_175' title='bbox 1215 2655 1287 2732; x_wconf 87' lang='lat' dir='ltr'><strong>hoc</strong></span> 
     </span>
     <span class='ocr_line' id='line_1_24' title="bbox 132 2749 1364 2852; baseline -0.001 -21"><span class='ocrx_word' id='word_1_176' title='bbox 132 2757 229 2832; x_wconf 78' lang='lat' dir='ltr'><strong>illius</strong></span> <span class='ocrx_word' id='word_1_177' title='bbox 253 2751 627 2842; x_wconf 80' lang='lat' dir='ltr'><strong>sueritsundamenlum</strong></span> <span class='ocrx_word' id='word_1_178' title='bbox 642 2801 655 2841; x_wconf 93' lang='lat'><strong>,</strong></span> <span class='ocrx_word' id='word_1_179' title='bbox 670 2750 834 2848; x_wconf 83' lang='lat' dir='ltr'><strong>scopus&amp;</strong></span> <span class='ocrx_word' id='word_1_180' title='bbox 852 2753 1124 2845; x_wconf 81' lang='lat' dir='ltr'><strong>complementum.</strong></span> <span class='ocrx_word' id='word_1_181' title='bbox 1172 2749 1286 2852; x_wconf 86' lang='lat' dir='ltr'><strong>Quod</strong></span> <span class='ocrx_word' id='word_1_182' title='bbox 1360 2825 1364 2830; x_wconf 91' lang='lat'><strong>.</strong></span> 
     </span>
     <span class='ocr_line' id='line_1_25' title="bbox 134 2845 1284 2939; baseline -0.007 -15"><span class='ocrx_word' id='word_1_183' title='bbox 134 2855 251 2926; x_wconf 89' lang='lat' dir='ltr'><strong>verbo</strong></span> <span class='ocrx_word' id='word_1_184' title='bbox 274 2855 310 2924; x_wconf 95' lang='lat' dir='ltr'><strong>in</strong></span> <span class='ocrx_word' id='word_1_185' title='bbox 333 2853 413 2926; x_wconf 86' lang='lat' dir='ltr'><strong>luce</strong></span> <span class='ocrx_word' id='word_1_186' title='bbox 433 2847 487 2922; x_wconf 86' lang='lat' dir='ltr'><strong>est</strong></span> <span class='ocrx_word' id='word_1_187' title='bbox 511 2849 770 2924; x_wconf 87' lang='lat' dir='ltr'><strong>collocandum.</strong></span> <span class='ocrx_word' id='word_1_188' title='bbox 818 2871 851 2922; x_wconf 83' lang='lat' dir='ltr'><strong>a.</strong></span> <span class='ocrx_word' id='word_1_189' title='bbox 877 2845 1074 2939; x_wconf 86' lang='lat' dir='ltr'><strong>Beneficia,</strong></span> <span class='ocrx_word' id='word_1_190' title='bbox 1105 2849 1140 2924; x_wconf 90' lang='lat' dir='ltr'><strong>in</strong></span> <span class='ocrx_word' id='word_1_191' title='bbox 1161 2847 1284 2924; x_wconf 86' lang='lat' dir='ltr'><strong>Eccle.</strong></span> 
     </span>
     <span class='ocr_line' id='line_1_26' title="bbox 131 2942 1284 3040; baseline 0.002 -18"><span class='ocrx_word' id='word_1_192' title='bbox 131 2947 215 3023; x_wconf 79' lang='lat' dir='ltr'><strong>siam</strong></span> <span class='ocrx_word' id='word_1_193' title='bbox 239 2949 418 3040; x_wconf 86' lang='lat' dir='ltr'><strong>Judaicarn</strong></span> <span class='ocrx_word' id='word_1_194' title='bbox 438 2965 524 3021; x_wconf 89' lang='lat' dir='ltr'><strong>tunc</strong></span> <span class='ocrx_word' id='word_1_195' title='bbox 548 2949 694 3034; x_wconf 87' lang='lat' dir='ltr'><strong>collata,</strong></span> <span class='ocrx_word' id='word_1_196' title='bbox 727 2942 982 3038; x_wconf 83' lang='lat' dir='ltr'><strong>fundamentum</strong></span> <span class='ocrx_word' id='word_1_197' title='bbox 1004 2947 1041 3020; x_wconf 90' lang='lat' dir='ltr'><strong>in</strong></span> <span class='ocrx_word' id='word_1_198' title='bbox 1059 2945 1284 3024; x_wconf 78' lang='lat' dir='ltr'><strong>Oeconomia</strong></span> 
     </span>
     <span class='ocr_line' id='line_1_27' title="bbox 131 3041 1283 3138; baseline 0.003 -20"><span class='ocrx_word' id='word_1_199' title='bbox 131 3043 262 3118; x_wconf 85' lang='lat' dir='ltr'><strong>Christi</strong></span> <span class='ocrx_word' id='word_1_200' title='bbox 284 3043 501 3132; x_wconf 88' lang='lat' dir='ltr'><strong>habuerunt,</strong></span> <span class='ocrx_word' id='word_1_201' title='bbox 534 3067 607 3118; x_wconf 94' lang='lat' dir='ltr'><strong>non</strong></span> <span class='ocrx_word' id='word_1_202' title='bbox 630 3057 788 3134; x_wconf 85' lang='lat' dir='ltr'><strong>tentum,</strong></span> <span class='ocrx_word' id='word_1_203' title='bbox 814 3045 895 3138; x_wconf 87' lang='lat' dir='ltr'><strong>quia</strong></span> <span class='ocrx_word' id='word_1_204' title='bbox 917 3042 1041 3118; x_wconf 72' lang='lat' dir='ltr'><strong>eunus</strong></span> <span class='ocrx_word' id='word_1_205' title='bbox 1060 3041 1193 3119; x_wconf 86' lang='lat' dir='ltr'><strong>favoris</strong></span> <span class='ocrx_word' id='word_1_206' title='bbox 1210 3047 1283 3122; x_wconf 86' lang='lat' dir='ltr'><strong>Dei</strong></span> 
     </span>
     <span class='ocr_line' id='line_1_28' title="bbox 129 3138 1282 3242; baseline 0.001 -27"><span class='ocrx_word' id='word_1_207' title='bbox 129 3138 391 3240; x_wconf 80' lang='lat' dir='ltr'><strong>ergajhornines</strong></span> <span class='ocrx_word' id='word_1_208' title='bbox 405 3139 497 3234; x_wconf 81' lang='lat' dir='ltr'><strong>figna</strong></span> <span class='ocrx_word' id='word_1_209' title='bbox 512 3141 547 3213; x_wconf 89' lang='lat'>&amp;</span> <span class='ocrx_word' id='word_1_210' title='bbox 561 3139 687 3212; x_wconf 76' lang='lat' dir='ltr'><strong>effetla</strong></span> <span class='ocrx_word' id='word_1_211' title='bbox 702 3141 744 3213; x_wconf 89' lang='lat' dir='ltr'><strong>ad</strong></span> <span class='ocrx_word' id='word_1_212' title='bbox 761 3139 936 3214; x_wconf 86' lang='lat' dir='ltr'><strong>Christum</strong></span> <span class='ocrx_word' id='word_1_213' title='bbox 946 3156 1133 3242; x_wconf 70' lang='lat' dir='ltr'><strong>,panquam</strong></span> <span class='ocrx_word' id='word_1_214' title='bbox 1143 3140 1282 3222; x_wconf 85' lang='lat' dir='ltr'><strong>causam</strong></span> 
     </span>
     <span class='ocr_line' id='line_1_29' title="bbox 127 3234 1280 3330; baseline -0.002 -16"><span class='ocrx_word' id='word_1_215' title='bbox 127 3238 375 3323; x_wconf 84' lang='lat' dir='ltr'><strong>meritoriam,</strong></span> <span class='ocrx_word' id='word_1_216' title='bbox 396 3234 583 3306; x_wconf 85' lang='lat' dir='ltr'><strong>reserenda</strong></span> <span class='ocrx_word' id='word_1_217' title='bbox 597 3237 697 3324; x_wconf 88' lang='lat' dir='ltr'><strong>sunt,</strong></span> <span class='ocrx_word' id='word_1_218' title='bbox 725 3235 782 3306; x_wconf 92' lang='lat' dir='ltr'><strong>cui</strong></span> <span class='ocrx_word' id='word_1_219' title='bbox 800 3255 985 3328; x_wconf 84' lang='lat' dir='ltr'><strong>acceptum</strong></span> <span class='ocrx_word' id='word_1_220' title='bbox 1004 3235 1190 3312; x_wconf 79' lang='lat' dir='ltr'><strong>serendum</strong></span> <span class='ocrx_word' id='word_1_221' title='bbox 1207 3237 1280 3330; x_wconf 87' lang='lat' dir='ltr'><strong>est,</strong></span> 
     </span>
    </p>

    <p class='ocr_par' dir='ltr' id='par_1_4' title="bbox 95 3328 1350 4094">
     <span class='ocr_line' id='line_1_30' title="bbox 95 3328 1278 3429; baseline -0.003 -19"><span class='ocrx_word' id='word_1_222' title='bbox 95 3407 103 3422; x_wconf 81' lang='grc'>,</span> <span class='ocrx_word' id='word_1_223' title='bbox 128 3336 227 3429; x_wconf 89' lang='lat' dir='ltr'><strong>quod</strong></span> <span class='ocrx_word' id='word_1_224' title='bbox 244 3334 340 3406; x_wconf 72' lang='lat' dir='ltr'><strong>Deus</strong></span> <span class='ocrx_word' id='word_1_225' title='bbox 356 3330 488 3406; x_wconf 91' lang='lat' dir='ltr'><strong>mundo</strong></span> <span class='ocrx_word' id='word_1_226' title='bbox 505 3328 798 3425; x_wconf 85' lang='lat' dir='ltr'><strong>corrupto,salva</strong></span> <span class='ocrx_word' id='word_1_227' title='bbox 813 3331 991 3406; x_wconf 72' lang='lat' dir='ltr'><strong>ianslitate</strong></span> <span class='ocrx_word' id='word_1_228' title='bbox 1007 3331 1184 3420; x_wconf 86' lang='lat' dir='ltr'><strong>&amp;justitia</strong></span> <span class='ocrx_word' id='word_1_229' title='bbox 1198 3334 1278 3424; x_wconf 87' lang='lat' dir='ltr'><strong>lua,</strong></span> 
     </span>
     <span class='ocr_line' id='line_1_31' title="bbox 128 3425 1279 3523; baseline -0.002 -17"><span class='ocrx_word' id='word_1_230' title='bbox 128 3433 357 3518; x_wconf 75' lang='lat' dir='ltr'><strong>benefaciat,</strong></span> <span class='ocrx_word' id='word_1_231' title='bbox 383 3429 441 3503; x_wconf 91' lang='lat' dir='ltr'><strong>sed</strong></span> <span class='ocrx_word' id='word_1_232' title='bbox 467 3430 670 3523; x_wconf 82' lang='lat' dir='ltr'><strong>inprimis,</strong></span> <span class='ocrx_word' id='word_1_233' title='bbox 702 3428 782 3522; x_wconf 90' lang='lat' dir='ltr'><strong>quia</strong></span> <span class='ocrx_word' id='word_1_234' title='bbox 806 3428 927 3523; x_wconf 91' lang='lat' dir='ltr'><strong>populi</strong></span> <span class='ocrx_word' id='word_1_235' title='bbox 951 3425 1084 3520; x_wconf 90' lang='lat' dir='ltr'><strong>Judaici</strong></span> <span class='ocrx_word' id='word_1_236' title='bbox 1101 3429 1279 3520; x_wconf 87' lang='lat' dir='ltr'><strong>areliquis</strong></span> 
     </span>
     <span class='ocr_line' id='line_1_32' title="bbox 127 3523 1278 3620; baseline -0.01 -16"><span class='ocrx_word' id='word_1_237' title='bbox 127 3531 305 3604; x_wconf 86' lang='lat' dir='ltr'><strong>Gentibus</strong></span> <span class='ocrx_word' id='word_1_238' title='bbox 321 3527 510 3620; x_wconf 82' lang='lat' dir='ltr'><strong>separatio,</strong></span> <span class='ocrx_word' id='word_1_239' title='bbox 536 3527 708 3599; x_wconf 91' lang='lat' dir='ltr'><strong>continua</strong></span> <span class='ocrx_word' id='word_1_240' title='bbox 725 3525 909 3612; x_wconf 90' lang='lat' dir='ltr'><strong>liberatio,</strong></span> <span class='ocrx_word' id='word_1_241' title='bbox 936 3524 970 3598; x_wconf 72' lang='grc' dir='ltr'><strong>ἃ</strong></span> <span class='ocrx_word' id='word_1_242' title='bbox 985 3523 1173 3612; x_wconf 78' lang='lat' dir='ltr'><strong>exaltatio,</strong></span> <span class='ocrx_word' id='word_1_243' title='bbox 1189 3525 1278 3598; x_wconf 89' lang='lat' dir='ltr'><strong>mul.</strong></span> 
     </span>
     <span class='ocr_line' id='line_1_33' title="bbox 128 3621 1279 3724; baseline -0.005 -22"><span class='ocrx_word' id='word_1_244' title='bbox 128 3630 310 3724; x_wconf 84' lang='lat' dir='ltr'><strong>tiplexque</strong></span> <span class='ocrx_word' id='word_1_245' title='bbox 335 3623 556 3714; x_wconf 74' lang='lat' dir='ltr'><strong>benedisiio,</strong></span> <span class='ocrx_word' id='word_1_246' title='bbox 579 3623 622 3696; x_wconf 91' lang='lat' dir='ltr'><strong>ad</strong></span> <span class='ocrx_word' id='word_1_247' title='bbox 639 3621 824 3712; x_wconf 77' lang='lat' dir='ltr'><strong>Messian,</strong></span> <span class='ocrx_word' id='word_1_248' title='bbox 849 3637 1022 3712; x_wconf 84' lang='lat' dir='ltr'><strong>tanquanr</strong></span> <span class='ocrx_word' id='word_1_249' title='bbox 1032 3621 1150 3698; x_wconf 87' lang='lat' dir='ltr'><strong>semen</strong></span> <span class='ocrx_word' id='word_1_250' title='bbox 1166 3623 1279 3696; x_wconf 87' lang='lat' dir='ltr'><strong>Abra·</strong></span> 
     </span>
     <span class='ocr_line' id='line_1_34' title="bbox 127 3717 1350 3817; baseline -0.003 -17"><span class='ocrx_word' id='word_1_251' title='bbox 127 3723 203 3816; x_wconf 84' lang='lat' dir='ltr'><strong>hae,</strong></span> <span class='ocrx_word' id='word_1_252' title='bbox 228 3728 263 3797; x_wconf 92' lang='lat' dir='ltr'><strong>in</strong></span> <span class='ocrx_word' id='word_1_253' title='bbox 288 3747 359 3817; x_wconf 92' lang='lat' dir='ltr'><strong>quo</strong></span> <span class='ocrx_word' id='word_1_254' title='bbox 379 3722 437 3797; x_wconf 80' lang='lat' dir='ltr'><strong>sibi</strong></span> <span class='ocrx_word' id='word_1_255' title='bbox 453 3721 587 3796; x_wconf 88' lang='lat' dir='ltr'><strong>Gentes</strong></span> <span class='ocrx_word' id='word_1_256' title='bbox 605 3721 884 3805; x_wconf 89' lang='lat' dir='ltr'><strong>benedicerent,</strong></span> <span class='ocrx_word' id='word_1_257' title='bbox 910 3740 952 3793; x_wconf 83' lang='lat' dir='ltr'><strong>ex</strong></span> <span class='ocrx_word' id='word_1_258' title='bbox 969 3717 1039 3790; x_wconf 89' lang='lat' dir='ltr'><strong>hoc</strong></span> <span class='ocrx_word' id='word_1_259' title='bbox 1056 3719 1191 3814; x_wconf 82' lang='lat' dir='ltr'><strong>populo</strong></span> <span class='ocrx_word' id='word_1_260' title='bbox 1207 3719 1278 3794; x_wconf 86' lang='lat' dir='ltr'><strong>ori·</strong></span> <span class='ocrx_word' id='word_1_261' title='bbox 1344 3785 1350 3796; x_wconf 86' lang='grc'><em>,</em></span> 
     </span>
     <span class='ocr_line' id='line_1_35' title="bbox 127 3815 1275 3914; baseline -0.013 -18"><span class='ocrx_word' id='word_1_262' title='bbox 127 3837 270 3910; x_wconf 86' lang='lat' dir='ltr'><strong>turum,</strong></span> <span class='ocrx_word' id='word_1_263' title='bbox 295 3823 455 3913; x_wconf 88' lang='lat' dir='ltr'><strong>adeoque</strong></span> <span class='ocrx_word' id='word_1_264' title='bbox 476 3817 611 3910; x_wconf 76' lang='lat' dir='ltr'><strong>causam</strong></span> <span class='ocrx_word' id='word_1_265' title='bbox 636 3818 768 3892; x_wconf 85' lang='lat' dir='ltr'><strong>favoris</strong></span> <span class='ocrx_word' id='word_1_266' title='bbox 790 3815 859 3890; x_wconf 89' lang='lat' dir='ltr'><strong>Dei</strong></span> <span class='ocrx_word' id='word_1_267' title='bbox 878 3837 961 3914; x_wconf 86' lang='lat' dir='ltr'><strong>erga</strong></span> <span class='ocrx_word' id='word_1_268' title='bbox 984 3835 1086 3898; x_wconf 83' lang='lat' dir='ltr'><strong>euni.</strong></span> <span class='ocrx_word' id='word_1_269' title='bbox 1114 3815 1275 3911; x_wconf 81' lang='lat' dir='ltr'><strong>respexe.</strong></span> 
     </span>
     <span class='ocr_line' id='line_1_36' title="bbox 127 3911 1276 4094; baseline -0.001 -101"><span class='ocrx_word' id='word_1_270' title='bbox 127 3924 184 3996; x_wconf 86' lang='lat' dir='ltr'><strong>rit.</strong></span> <span class='ocrx_word' id='word_1_271' title='bbox 234 3919 351 4020; x_wconf 87' lang='lat' dir='ltr'><strong>Quam</strong></span> <span class='ocrx_word' id='word_1_272' title='bbox 366 3922 418 3994; x_wconf 91' lang='lat' dir='ltr'><strong>ob</strong></span> <span class='ocrx_word' id='word_1_273' title='bbox 427 3919 562 3994; x_wconf 80' lang='lat' dir='ltr'><strong>caulam</strong></span> <span class='ocrx_word' id='word_1_274' title='bbox 577 3911 931 4094; x_wconf 48' lang='lat' dir='ltr'><strong>mniasslssegpmmiffa</strong></span> <span class='ocrx_word' id='word_1_275' title='bbox 945 3915 982 3992; x_wconf 88' lang='lat' dir='ltr'><strong>in</strong></span> <span class='ocrx_word' id='word_1_276' title='bbox 998 3911 1137 3992; x_wconf 88' lang='lat' dir='ltr'><strong>Christo</strong></span> <span class='ocrx_word' id='word_1_277' title='bbox 1152 3914 1276 3992; x_wconf 91' lang='lat' dir='ltr'><strong>dicun·</strong></span> 
     </span>
    </p>

    <p class='ocr_par' dir='ltr' id='par_1_5' title="bbox 1211 4027 1272 4090">
     <span class='ocr_line' id='line_1_37' title="bbox 1211 4027 1272 4090; baseline 0.033 -2"><span class='ocrx_word' id='word_1_278' title='bbox 1211 4027 1272 4090; x_wconf 81' lang='lat' dir='ltr'><strong>tur</strong></span> 
     </span>
    </p>
   </div>
   <div class='ocr_carea' id='block_1_3' title="bbox 0 0 1714 4754">
    <p class='ocr_par' dir='ltr' id='par_1_6' title="bbox 0 0 1714 4754">
     <span class='ocr_line' id='line_1_38' title="bbox 0 0 1714 4754; baseline 0 10"><span class='ocrx_word' id='word_1_279' title='bbox 0 0 1714 4754; x_wconf 95' lang='lat' dir='ltr'><strong> </strong></span> 
     </span>
    </p>
   </div>
  </div>
 </body>
</html>
