3416 4746
395 417 581 505 '1er
629 422 664 500 ll
711 422 761 502 N.
834 428 897 503 xi:
949 451 1036 571 ⁷¹⁹9!
1225 449 1293 526 473

152 587 214 683 rla'
226 589 527 696 concertantium,
553 627 615 702 per
635 607 803 700 Judaeum
825 610 921 683 irltro
935 610 1101 704 citroque
1115 610 1290 686 tendenti·

147 707 235 790 bus,
261 725 406 797 eamque
431 705 696 800 adfligentibus,
722 723 851 780 terram
875 705 944 782 effe
970 709 1210 794 liberandam,
1238 716 1290 782 ui·

136 801 190 895 fio
214 803 422 894 prophetica
443 799 519 894 iphs
539 805 655 874 verbis
677 801 788 876 fuerit
812 803 997 895 pollicita,
1038 806 1107 878 hoc
1128 802 1203 898 ipso
1228 804 1289 877 ita-

29 939 32 948 »
146 919 217 993 que
241 913 426 990 tempore,
467 913 507 970 ut
530 898 640 969 videri
660 900 798 990 pollet,¹
836 922 908 992 quo
931 901 996 972 illis
1018 902 1297 984 concertationi,

146 998 214 1069 bus
236 992 313 1066 finis
337 994 518 1065 videretur
534 995 790 1085 imponendus,
829 997 1016 1088 implenda.
1081 997 1287 1071 Notabilem

144 1090 374 1185 prophetiam
403 1090 513 1162 innuo
533 1088 639 1162 Zaeh.
661 1111 705 1163 nr.
728 1111 762 1182 9.
787 1111 864 1182 qua
882 1093 929 1164 ita
944 1090 1070 1178 habet,
1097 1089 1223 1166 Ponam
1239 1095 1289 1162 do·
1398 1161 1401 1170 ,

143 1193 217 1260 mni
239 1209 312 1257 mee
326 1181 509 1280 prnfidinrn
524 1208 544 1255 a
558 1198 745 1270 transeunte
763 1181 805 1268 ὃ
817 1188 991 1274 redeunte,
1017 1185 1169 1275 scilicet,
1185 1210 1229 1261 ne
1246 1193 1289 1260 ah
1361 1247 1364 1252 .
1382 1273 1387 1282 Ι

146 1284 316 1358 euntibus
334 1283 367 1354 δι
385 1282 612 1356 redeuntibus
627 1282 839 1356 exercitibus
854 1282 1000 1376 amplius
1015 1283 1222 1371 infestetur,
1246 1284 1292 1366 &l

140 1405 209 1454 non
234 1381 388 1454 transibit
412 1381 551 1472 amptius
562 1377 663 1472 super
687 1401 735 1452 eor
750 1380 893 1469 exustor,
919 1379 1049 1454 scilieet
1070 1385 1210 1470 tributi,
1243 1385 1288 1452 ld·

141 1481 229 1551 born
252 1492 312 1548 aut
337 1480 461 1549 mortis.
518 1473 648 1572 Quales
675 1478 791 1570 plures
820 1477 894 1552 aliae
918 1475 1053 1552 exstant
1073 1478 1288 1571 prophetin,

140 1573 189 1649 de
213 1569 364 1645 hostium
393 1567 624 1665 reprelllone,
657 1595 698 1645 ac
715 1571 915 1664 Judaeorum
939 1573 1168 1661 elevatione,
1194 1575 1288 1646 circa

140 1669 221 1744 haec
243 1685 403 1763 tempora
425 1668 640 1762 implenda,
677 1671 770 1743 clare
792 1669 827 1742 ἃ
849 1669 1049 1766 emphatice
1073 1672 1285 1763 loquentes.

131 1785 290 1859 ,quarum
306 1785 431 1858 paucas
444 1765 574 1856 aliquas
589 1764 679 1838 infra
694 1798 712 1836 a
728 1765 879 1861 signabo.
928 1765 983 1836 Ex
1000 1769 1125 1858 quibus
1141 1768 1284 1858 pervul-

138 1878 257 1960 gatam
277 1859 354 1935 satis
375 1858 475 1934 suillo
499 1860 543 1933 de
561 1859 709 1936 instante
726 1863 933 1935 liberatione
949 1865 1071 1954 populi
1092 1864 1284 1937 adominio

137 1957 579 2052 exterorum-'opinionem
604 1959 700 2032 inter'
718 1957 856 2050 Judaeos
880 1958 949 2030 hoc
975 1973 1175 2052 tempore,·
1196 1959 1283 2034 mihi

136 2077 215 2130 non
238 2051 276 2128 fit
291 2054 541 2146 improbabile:
567 2076 611 2127 ex
625 2077 718 2146 quo,
746 2055 936 2129 nonnullos
956 2056 1193 2129 concitatioris
1211 2057 1289 2132 anit
1360 2141 1365 2150 .

134 2155 192 2224 mi
209 2151 253 2222 ad
272 2151 342 2222 hoc
364 2171 482 2240 opus,
520 2168 594 2224 tam
616 2149 801 2222 favorabili
823 2149 1006 2223 oeeasrone
1030 2151 1100 2222 sele
1125 2155 1282 2243 praeben·

135 2258 199 2335 te,
224 2244 516 2340 adgrediendum,
528 2251 583 2315 'ut
598 2248 769 2336 populum
784 2244 974 2318 secundum
989 2247 1185 2338 praegrellas
1201 2269 1280 2339 pro·

136 2341 276 2438 phetias
306 2338 460 2426 libertati
486 2337 708 2428 adsererent,
733 2341 866 2414 nemini
888 2339 1015 2413 mirum
1037 2341 1196 2414 accidere
1220 2366 1283 2434 po,

22 2455 26 2466 ·
135 2439 238 2515 terit.
287 2434 382 2525 Sed,
421 2455 503 2507 cum
527 2451 667 2527 tempus
685 2435 771 2508 illud
801 2435 959 2511 nondum
981 2436 1172 2525 adluxerit,
1205 2436 1281 2531 spes

134 2557 201 2609 eos
225 2555 320 2608 nunc
342 2531 481 2625 quidem
498 2529 650 2618 fefellit3
677 2548 830 2606 attamen
848 2555 893 2606 eo
914 2530 1008 2624 ipso,
1035 2554 1105 2626 quo
1123 2533 1192 2605 hoe
1207 2557 1281 2608 mo·

131 2633 189 2706 liti
213 2628 313 2720 sunt,
338 2629 437 2702 aliam
453 2629 674 2720 prophetiam
690 2629 759 2703 boe
775 2629 966 2724 ipsumhoc
984 2645 1144 2723 ternpore
1159 2631 1193 2704 in
1210 2654 1281 2704 cas·

132 2727 212 2804 sum
236 2727 305 2800 else
326 2726 606 2818 suscipiendum,
633 2727 725 2799 clare
741 2726 1064 2818 praenunciantem,
1092 2727 1282 2823 egregie&
1372 2723 1374 2730 ’

131 2823 253 2902 exalte
274 2825 525 2918 impleverunt.
577 2821 684 2920 Quod
707 2821 836 2916 phrasr,
868 2819 1044 2916 efferentur
1065 2822 1282 2913 adstahih‘en-

135 2927 213 2996 dam
227 2919 400 3013 visionem,
426 2921 457 2990 tit
473 2916 749 3012 infinnadnntur,
768 2918 866 2993 srmul
880 2918 1172 3010 comprehensum
1187 2920 1278 3009 eli'e,

135 3019 292 3092 statuere
317 3016 403 3089 nihil
429 3016 587 3107 impedit.
637 3017 840 3100 Notabilent
855 3015 1141 3089 inoculishabeo
1159 3019 1280 3109 pradi-

136 3115 293 3188 &ionem
316 3111 383 3202 Jes.
409 3132 502 3184 xxvi:
530 3134 584 3202 17,
607 3117 659 3185 18.
710 3112 803 3185 Sient
817 3115 933 3184 mulier
948 3111 1111 3206 gravida,
1138 3115 1212 3186 dum
1226 3110 1298 3188 ad?

132 3215 329 3307 propinquat
352 3210 483 3299 partui,
517 3208 621 3291 dolet,
648 3211 765 3278 ctamat
789 3212 824 3278 in
844 3206 1100 3301 doloribussnis:
1120 3205 1168 3300 fic
1186 3209 1282 3302 exsti.

137 3314 237 3380 tirnnr
263 3307 314 3374 tui
337 3299 450 3393 causa,
477 3297 631 3396 Jehooel
659 3299 929 3391 Pertnriot'mrtr,
966 3305 1147 3390 dotutmn3
1181 3322 1278 3397 erat,

45 3461 48 3469 .
137 3426 176 3474 oc
191 3427 202 3472 t
217 3417 400 3495 pareremus
424 3410 570 3470 orntum.
621 3393 773 3492 Perfelia
785 3395 879 3490 sales
893 3419 955 3468 nen
969 3394 1011 3487 est
1024 3411 1199 3490 procuratu
1214 3416 1278 3472 ter.

126 3521 209 3582 ure,
237 3495 279 3577 ἐξ
301 3516 364 3565 non
384 3493 565 3564 ceciderunt
579 3497 689 3566 incole
704 3495 801 3566 orln's.
850 3489 939 3591 Quae
953 3492 1157 3583 prophetia,
1183 3516 1202 3566 a
1223 3495 1275 3570 Cl.

136 3595 429 3696 commentatore
450 3588 544 3662 retle
569 3585 745 3685 erposrta,
777 3589 924 3668 eandem
947 3587 1141 3678 fenerem,
1174 3613 1277 3761 quffim

1162 3709 1209 3760 no
1241 3712 1278 3765 ra

154 3815 156 3822 ’
176 3859 193 3896 a
214 3837 269 3916 Jcs.
283 3809 539 3912 xxv-xxtrrffJer.
557 3849 624 3894 mer:
642 3839 668 3897 8.
688 3831 760 3911 Joel.
789 3847 834 3893 rr:
852 3847 896 3906 17.
917 3831 1008 3893 Miclr.
1028 3847 1074 3891 rr:
1097 3847 1140 3928 rs.
1166 3851 1209 3893 rr:
1230 3852 1273 3910 12„

135 3929 165 3974 r:
189 3935 217 3990 4.
721 3941 723 3946 v
792 3949 795 3958 ·
1180 3945 1183 3952 ·
