3462 4792
415 467 493 547 374
591 425 1404 523 nessuarerrouus

413 653 542 708 curam
563 629 766 728 aliquandiu
788 623 951 721 abjeciile
976 625 1194 716 videbatur,
1232 633 1330 700 nune
1357 621 1427 700 sese
1451 624 1574 706 rursus·

417 729 544 828 Regem
566 730 600 806 ἃ
615 730 795 804 Dominum
810 723 1087 812 demonstravit3
1112 745 1229 820 eoque
1243 723 1344 802 sensu
1357 747 1496 822 regnum
1512 727 1574 803 de.

309 893 312 904 .
419 847 497 903 nuo
511 824 723 924 capeffiviffe
742 825 813 898 dici
828 819 958 919 potest.

299 935 306 990 ·.
421 935 424 946 ·
468 929 500 1014 §.
518 924 610 999 XXL
662 945 696 999 a.
719 921 802 997 Hoc
824 921 893 994 Dei
909 922 1002 993 inter
1015 913 1155 1011 Judaeos
1172 915 1344 1014 Regnum,
1370 917 1568 1020 longiffimo

418 1031 583 1116 tempore
605 1021 709 1096 variis
734 1019 848 1095 modis
869 1019 996 1113 partim
1023 1014 1275 1105 obscuratum,
1314 1019 1441 1110 partim
1467 1019 1573 1108 iuter,

298 1165 303 1172 -
415 1135 587 1212 ceptum,
612 1140 707 1194 nunc
731 1117 773 1191 ad
794 1117 971 1210 antiquam
996 1113 1168 1204 formam,
1194 1113 1572 1208 quamsubJudicibue

420 1231 504 1291 ante
526 1215 690 1315 Regnum
712 1211 954 1292 introdutium
971 1211 1117 1301 habuit,
1142 1227 1378 1301 renovatum,
1404 1235 1480 1288 non
1495 1217 1570 1308 qui⁴

415 1315 502 1389 dem
520 1314 632 1408 ipsum
656 1311 776 1409 Meffie
797 1313 866 1386 fuit
880 1330 1049 1408 regnum,
1075 1324 1233 1382 attamen
1248 1307 1341 1383 haud
1355 1329 1431 1382 uno
1446 1313 1570 1389 vincu-

334 1455 339 1466 ·
419 1408 458 1485 lo
479 1410 657 1486 ariiiffime
679 1429 763 1486 cum
783 1431 832 1482 eo
852 1409 1079 1504 colligatum,
1112 1404 1163 1478 ita
1185 1421 1229 1478 ut
1249 1405 1442 1500 primordia
1455 1407 1571 1508 Regni

419 1504 553 1584 Messiae
579 1510 662 1584 inde
687 1507 803 1602 repeti
825 1520 966 1598 queant.
1023 1501 1134 1602 Quod
1160 1502 1308 1578 clariore
1332 1503 1411 1577 luce
1438 1505 1572 1583 donau·
1718 1586 1723 1609 ¹

418 1604 505 1684 dum
519 1605 582 1680 est.
625 1637 660 1680 ee.
685 1603 738 1678 Ile
764 1625 850 1680 num
874 1603 965 1692 Dei,
997 1599 1218 1696 temporibus
1240 1599 1474 1677 Maccabaicis
1497 1625 1572 1678 ere·
1721 1647 1722 1676 ι

416 1700 535 1794 dium,
562 1723 627 1798 pro
650 1701 713 1774 Me
751 1724 780 1776 ae
800 1721 934 1800 regnu,
967 1697 1113 1794 proprie
1135 1695 1249 1788 dieto,
1275 1698 1475 1774 habendum
1496 1723 1571 1779 non

417 1798 514 1890 effe,
538 1800 577 1874 in
603 1798 756 1873 obscuro
773 1820 849 1873 non
873 1795 935 1871 est.
988 1785 1024 1870 ιζ
1044 1792 1201 1888 Medias,
1231 1795 1304 1869 live
1326 1795 1445 1891 potius
1461 1795 1569 1875 Filius
1718 1849 1722 1873 .

419 1895 514 1985 Dei,
540 1917 615 1970 non
640 1895 770 1992 Regis,
792 1893 861 1994 'sed
883 1893 975 1982 Dei,
1000 1907 1166 1986 tanquam
1188 1891 1316 1990 Regis,
1351 1891 1477 1991 Legati
1492 1917 1572 1992 por.

417 1990 564 2082 sonam,
598 2006 639 2068 ut
658 2007 763 2067 antea
781 2012 847 2088 per
865 1988 1127 2066 Oeconomiam
1148 1987 1342 2078 Veterem,
1369 1993 1485 2066 adhuc
1497 2016 1570 2094 ges·

372 2166 382 2187 ‚
419 2087 473 2167 fit.
521 2089 643 2190 Quare
665 2087 777 2188 miffm
806 2090 842 2164 u
861 2087 1014 2186 Angelus
1037 2083 1175 2185 Jeiooe
1201 2085 1369 2180 adpellem
1392 2088 1502 2180 solet,
1528 2091 1572 2166 de
1723 2185 1724 2188 q

444 2211 493 2265 uo
514 2189 596 2264 alibi
617 2188 826 2283 disputatur.
873 2187 932 2262 Sic
956 2183 1049 2259 Dan.
1072 2203 1136 2260 xer:
1156 2203 1189 2260 1.
1238 2183 1303 2259 Illo
1319 2199 1458 2281 tenpore
1466 2185 1574 2281 flebit
1723 2193 1724 2248 l

404 2211 599 2380 iderant,
638 2284 799 2384 Princeps
826 2288 882 2360 ille
908 2282 1087 2380 Magnus,
1125 2285 1182 2378 qui
1197 2277 1270 2376 fiet
1294 2304 1316 2353 a
1337 2279 1441 2358 Filir's
1459 2289 1575 2384 pepuli

419 2391 484 2464 tui.
509 2385 576 2461 &o
609 2384 671 2482 qui
698 2383 771 2481 ipse
799 2381 882 2473 est,
907 2393 1027 2480 'quem
1048 2377 1177 2473 Script.
1207 2378 1377 2476 Angelum
1405 2377 1576 2481 Jebnou.

418 2481 623 2580 supremum
651 2483 826 2558 exercitus
856 2480 927 2554 Dei
955 2481 990 2555 dt
1018 2477 1142 2573 populi
1171 2477 1248 2570 ejus
1276 2477 1404 2554 ducem
1433 2481 1470 2557 ue
1490 2504 1577 2578 ptae·
1725 2525 1726 2566 r

418 2579 581 2670 fectum,
621 2581 787 2676 adpellat.
836 2576 955 2676 Quam
980 2573 1166 2671 personam
1192 2573 1313 2664 exuit,
1342 2573 1508 2653 Dominus
1533 2575 1578 2664 δ’
1726 2589 1727 2646 l

418 2675 496 2750 Rex
504 2675 644 2769 fuitum
668 2676 747 2771 post
771 2675 1022 2774 exaltationem
1041 2671 1085 2746 ad
1101 2672 1262 2748 dextram
1283 2672 1407 2772 Patris.
1436 2695 1468 2751 2.
1484 2675 1539 2750 Re
1564 2719 1578 2738 ·
1725 2707 1727 2770 j

418 2795 506 2848 num
537 2772 608 2848 Dei
639 2773 709 2848 hoc
736 2773 844 2848 etiam
873 2786 1039 2864 tempore
1071 2767 1143 2868 fuit
1171 2783 1372 2859 externum,
1414 2698 1579 2870 legauit
1726 2775 1727 2778 ‘

417 2873 595 2967 typicum
637 2892 721 2945 cum
756 2866 883 2942 Christi
918 2865 961 2941 stt
985 2865 1200 2957 internum,
1236 2866 1486 2961 spirituale&
1514 2887 1580 2944 ve·

419 2988 513 3042 rum.
586 2989 621 3062 3.
647 2967 812 3068 Regnum
834 2965 905 3039 Dei
926 2961 1008 3039 tulit
1031 2975 1181 3060 quoque*
1200 2961 1428 3060 conspeiium
1452 2969 1578 3042 milito-

418 3085 486 3136 rem
502 3063 537 3138 dt
547 3065 758 3161 judicialem,
784 3085 855 3158 quo
875 3066 976 3138 armis
999 3057 1033 3134 se
1053 3061 1252 3137 vindicavit
1274 3063 1308 3136 dt
1330 3077 1484 3140 tutatum
1500 3063 1576 3158 est,

416 3159 606 3256 hostesque
627 3163 664 3238 vi
686 3163 719 3237 dt
741 3163 835 3238 bello
857 3161 938 3236 sunt
963 3155 1113 3251 subacti,
1138 3159 1173 3235 dt
1198 3157 1360 3255 oppreffi.
1411 3157 1503 3274 Quae
1524 3163 1576 3240 fa·

418 3261 493 3336 cies
524 3283 544 3334 a
575 3257 702 3334 Christi
727 3281 840 3358 regno
864 3257 916 3333 est
937 3255 1061 3333 aliena.
1116 3280 1151 3350 4.
1178 3255 1341 3355 Regnum
1374 3255 1447 3330 Det
1468 3262 1574 3336 unius

416 3358 512 3436 intra
539 3359 659 3454 populi
693 3357 824 3433 limites
854 3357 927 3432 sese
957 3355 1028 3430 hoc
1048 3358 1154 3430 etiam
1177 3369 1343 3449 tempore
1364 3357 1573 3449 continuit'r

292 3451 295 3457 '
417 3467 503 3536 eum
516 3453 646 3531 Christi
657 3455 699 3532 lit
714 3454 908 3534 universale
919 3507 932 3548 ,
953 3475 1022 3549 per
1042 3469 1159 3530 totum
1173 3454 1318 3530 orbem:
1345 3453 1505 3550 utsupra
1522 3455 1573 3531 vi.

417 3557 543 3636 dimus.
640 3629 643 3636 .

468 3663 500 3748 §.
517 3650 627 3729 XXII.
678 3657 714 3742 β.
741 3651 900 3741 Verum,
927 3649 1223 3746 quemadmodum
1240 3653 1345 3746 lapis,
1360 3651 1395 3727 dt
1411 3667 1507 3748 anper
1521 3653 1571 3728 in·

418 3753 464 3828 de
490 3767 591 3840 orta,
617 3749 955 3842 recondiderunt,
982 3750 1082 3825 simul
1103 3745 1195 3822 urile
1219 3745 1335 3823 secum
1356 3751 1569 3841 cohaerent3

417 3849 467 3926 ita
489 3873 545 3925 res
564 3846 633 3924 sese
649 3848 756 3922 habet
771 3870 852 3923 cum
863 3859 983 3946 ‘regno
999 3845 1150 3936 Meffiae,
1177 3847 1276 3937 qu'us
1292 3843 1404 3923 arnus
1421 3845 1475 3921 est
1487 3869 1570 3924 cum

321 3945 326 3954 ’
418 3971 531 4052 reguo
555 3946 787 4030 Maccabaico
814 3965 944 4044 nexus,
971 3947 1092 4048 paucis
1118 3943 1356 4040 explicandus.
1409 3965 1440 4021 r.
1456 3943 1571 4120 ἔθα,

987 4069 989 4076 ’
1031 4067 1037 4076 ·
1413 4063 1453 4118 re
1515 4063 1571 4121 rot
1640 4069 1644 4082 ’

1373 4319 1386 4370 l
