3514 4782
381 411 429 486 50
536 386 1373 468 orssuurarrorvus

384 609 496 680 quae,
520 588 706 683 quominus
733 587 772 663 in
798 609 947 686 regnum
974 587 1155 665 Persarum
1183 585 1400 675 concedam,
1433 586 1543 680 impe·

386 686 508 774 diunt,
544 686 635 760 baud
661 687 836 762 minorem
854 689 927 761 vim
945 689 978 761 δι
996 687 1055 760 hic
1072 688 1244 762 habeant:
1269 684 1305 757 id
1322 681 1417 775 quod
1434 703 1478 755 ex
1495 682 1545 755 se·

388 785 575 874 quentibus
609 784 689 857 luce
716 784 907 860 meridiana
932 786 1057 859 clarius
1083 782 1157 860 fiet.
1214 781 1353 855 Eodem
1378 778 1546 854 levidensi

385 879 531 955 brachio
568 879 803 980 perstringere
836 883 923 956 licet
949 882 1157 978 opinionem
1183 881 1227 956 de
1253 877 1379 976 Regno
1406 877 1545 952 Persico

387 976 469 1070 post
494 977 650 1080 Cyrum,
684 980 718 1053 dc
744 977 951 1079 Cambysen.
1008 979 1044 1056 si
1071 981 1168 1055 enim
1192 997 1239 1053 ne
1264 997 1377 1074 regno
1401 973 1549 1068 quidem

387 1072 566 1150 Persarum
592 1077 694 1150 locus
719 1073 762 1150 sit
785 1077 822 1166 in
843 1077 973 1172 duplici
991 1077 1062 1154 hoc
1080 1077 1315 1164 emblemate,
1342 1073 1468 1146 &nec
1484 1073 1549 1164 hys

387 1171 539 1267 pothesrs
566 1189 710 1247 corruat
735 1173 873 1247 necesse
890 1175 953 1249 est.
1003 1176 1178 1269 Displicet
1204 1190 1388 1267 praeterea
1401 1169 1439 1243 in
1455 1183 1550 1244 utra·

388 1287 481 1360 que,
509 1268 545 1340 dr
570 1269 783 1366 Jungmanni
800 1269 837 1342 u
853 1271 943 1360 hac,
967 1272 1064 1363 quod
1083 1287 1201 1366 partes
1217 1273 1375 1363 imaginis
1392 1267 1426 1338 δι
1443 1263 1551 1352 bellice

387 1362 625 1438 diversimode
652 1365 896 1460 adplicentur,
931 1366 967 1440 δι
991 1367 1035 1441 ad
1060 1364 1197 1440 diversa
1215 1385 1322 1463 regna
1339 1362 1552 1438 transferan-

388 1473 460 1536 tur.
510 1461 759 1551 Praeterquam
786 1463 912 1550 enim,
955 1464 1051 1553 quod
1076 1465 1138 1536 fibi
1164 1464 1252 1533 haec
1278 1459 1351 1532 visa
1368 1457 1554 1534 manifesto

388 1555 648 1649 respondeant,
679 1569 722 1630 ut
746 1554 849 1649 supra
872 1554 1080 1649 observavi,
1114 1559 1152 1632 in
1178 1555 1329 1631 secunda
1346 1555 1411 1630 hac
1429 1558 1556 1630 utrius·

415 1672 461 1724 ue
488 1650 551 1723 visi
576 1665 676 1745 parte
702 1650 775 1724 sese
799 1653 929 1744 aliquid
945 1652 1079 1742 offert,
1106 1675 1178 1745 quo
1197 1652 1450 1724 convenientia
1468 1673 1556 1725 con·

491 1761 569 1822 tur:
594 1747 691 1841 quod
707 1749 838 1822 mirum
854 1747 908 1822 esi
924 1747 1141 1846 Interpretes
1155 1769 1231 1822 non
1245 1744 1446 1821 advertisse.
1505 1747 1556 1821 U-

390 1861 520 1941 troque
547 1846 585 1918 in
606 1842 683 1919 viso
703 1845 747 1918 de
773 1850 869 1919 tertio
891 1843 1030 1943 Regno,
1057 1849 1233 1921 dominium
1256 1841 1318 1939 ipfi
1334 1865 1398 1940 per
1411 1844 1557 1920 univer·

390 1939 463 2017 sam
485 1956 616 2017 terram
637 1940 737 2017 fuisse
759 1942 900 2034 datum,
939 1943 1097 2040 expresse
1118 1942 1291 2019 adseritur
1313 1963 1390 2037 cap.
1417 1963 1472 2017 11:
1500 1965 1558 2036 39.

390 2061 438 2114 vr
446 2061 478 2114 1:
499 2041 534 2112 6.
562 2039 659 2132 quod
674 2039 718 2112 de
722 2037 863 2136 secundo
879 2041 918 2116 i'n
930 2058 1046 2116 murro
1063 2064 1140 2117 non
1152 2053 1291 2115 tanturn
1304 2060 1381 2114 non
1393 2037 1558 2129 additur,

392 2134 454 2212 sed
482 2135 577 2209 haud
600 2134 749 2211 obscure
773 2138 990 2215 contrarium
1011 2136 1247 2238 srgnisicatur3
1281 2155 1366 2211 cum
1379 2133 1558 2232 secuudum

392 2251 545 2332 regnum
558 2233 596 2308 in
611 2234 731 2328 priore
746 2233 822 2310 viso
837 2235 942 2310 fuisse
953 2243 1059 2334 prinu
1076 2239 1258 2325 humilius,
1289 2233 1325 2306 dt
1338 2235 1375 2308 in
1389 2230 1561 2329 posterio

394 2349 436 2406 re
452 2335 490 2406 in
507 2353 572 2405 uno
589 2335 691 2406 lotoe
709 2330 881 2446 constitrffe
899 2333 1047 2410 dicauit.
1096 2333 1154 2408 De
1177 2353 1249 2428 quo
1262 2353 1359 2406 mox.

442 2433 475 2520 §.
491 2426 572 2505 vll.
607 2429 782 2506 Praeterea
804 2430 950 2507 minime
969 2433 1014 2508 ad
1034 2432 1190 2533 palatum
1213 2427 1286 2518 est,
1321 2428 1422 2525 regni
1435 2423 1562 2501 Persici

396 2525 483 2602 duas
505 2522 609 2602 stanti
632 2548 675 2601 ex
697 2527 763 2602 hac
786 2529 973 2622 hypothesi
983 2533 1152 2625 periodos,
1177 2527 1326 2600 alteram
1346 2547 1367 2596 a
1388 2524 1492 2619 Cyro,
1517 2525 1565 2596 al·

397 2637 514 2698 teram
533 2643 556 2692 a
574 2620 745 2714 Cambyse
764 2623 825 2694 vel
844 2622 972 2694 rebilus
992 2645 1014 2693 a
1033 2625 1143 2693 Durio
1168 2620 1369 2717 Hystaspis,
1399 2641 1478 2712 quae
1497 2643 1564 2715 per
1608 2639 1612 2646 ·

398 2717 474 2792 duo
495 2713 654 2789 distindca
672 2713 878 2791 animaliafi
927 2715 996 2790 rari
1015 2715 1153 2810 possint.
1205 2713 1296 2814 Quae
1310 2715 1511 2810 hypothesis
1523 2717 1566 2812 in

398 2835 449 2888 eo
464 2805 649 2902 vertitur,
664 2813 759 2906 quod
780 2811 866 2908 Cyri
917 2809 1135 2907 'Cambyssr
1181 2833 1267 2904 num
1280 2811 1567 2889 sueritMcdico·

399 2905 601 2999 Persicum,
626 2909 662 2983 dt
677 2907 777 2983 Darii
791 2907 969 3006 Hystaspis
984 2911 1131 3006 ejusque
1160 2905 1384 2985 uccesl'orum·
1397 2905 1566 2998 Perficum

399 3004 731 3107 propriedsetun,
761 3007 1043 3084 audiredebeat.
1091 3006 1171 3082 tui
1193 3007 1287 3082 haud
1309 3027 1420 3084 unum
1439 3007 1565 3084 obstat.

408 3105 674 3276 ΜΨ
686 3104 787 3177 Darii
800 3106 902 3181 Medi
914 3106 951 3179 dc
964 3105 1050 3201 Cyri
1066 3121 1233 3202 tanquam
1246 3105 1405 3197 diversa,
1418 3108 1569 3182 alterum

400 3249 406 3262 ι
590 3251 605 3292 ,
643 3204 793 3304 aiterum
814 3199 1013 3302 Persmvm,
1046 3205 1140 3279 clere
1163 3202 1457 3304 distinguuntur::
1476 3203 1569 3278 Dan.

410 3319 473 3374 vra
495 3319 553 3395 29.
578 3319 638 3376 rx:
662 3323 694 3375 1.
710 3301 800 3376 coll.
824 3327 860 3378 x:
879 3317 911 3378 r.
926 3323 982 3376 rr:
1001 3319 1035 3392 12,
1051 3321 1084 3377 n.
1098 3303 1229 3398 dequo
1243 3301 1373 3398 postea.
1423 3319 1457 3370 a.
1475 3296 1572 3396 Quia

408 3395 543 3491 Cyrus,
569 3395 595 3470 fi
610 3400 669 3474 vel
687 3419 730 3473 ex
742 3414 856 3476 matre
874 3400 1037 3492 Medica,
1052 3401 1087 3476 δι
1100 3402 1218 3478 terroris
1234 3395 1387 3472 Medicae
1400 3393 1570 3489 maritus,

403 3497 590 3589 utroque,
615 3494 641 3570 fi
660 3497 735 3586 vis,
760 3498 805 3572 de
828 3520 900 3594 quo
922 3497 985 3572 suo
1001 3498 1086 3574 loco
1100 3493 1306 3593 disputabo,
1332 3491 1439 3568 etiem
1456 3495 1570 3570 nomi-

411 3613 459 3666 ne
472 3592 581 3667 haeret
596 3595 697 3692 regni
712 3593 868 3686 Medici,
892 3595 1077 3692 originitus
1092 3610 1210 3671 tamen
1224 3587 1328 3687 Perfir
1341 3589 1374 3664 &
1389 3589 1570 3667 Persarum

405 3707 475 3761 rex
488 3686 578 3778 suit;
604 3711 672 3764 uec
691 3713 767 3768 non
788 3693 833 3768 ad
852 3689 969 3765 Persas
987 3689 1233 3766 Monarchiam
1246 3688 1404 3762 Orientis
1418 3699 1571 3765 transtu·

403 3784 471 3859 lit:
486 3784 585 3877 cuius
599 3787 651 3858 rei
665 3788 883 3864 luculentum
896 3790 1032 3881 prebet
1045 3785 1284 3863 testimonium
1297 3783 1480 3879 inscriptio
1493 3807 1571 3860 mo-

402 3881 577 3962 numenti
592 3879 677 3979 Cyri
692 3886 784 3982 apud
802 3886 916 3966 strab.
937 3885 1068 3985 Geogr.
1084 3885 1107 3959 l.
1123 3903 1183 3960 xv.
1199 3907 1235 3983 p.
1251 3887 1353 3960 1082.
1413 3881 1488 3978 Ego
1508 3881 1570 3978 Cy.

400 4033 408 4064 c
492 4059 497 4067 .
1512 4003 1571 4056 rus
