3418 4754
390 425 463 522 m
553 421 1381 504 eouuanranros

394 615 584 690 Phoenicia
606 615 640 688 dc
663 611 855 704 palestina,
883 612 1008 705 quibus
1029 613 1180 706 populus
1202 610 1342 704 Judaeus
1359 611 1454 684 varie
1472 625 1551 686 tur·

394 715 496 786 batus
519 715 551 784 δι
573 712 715 785 diversis
739 711 818 785 fatis
839 712 1013 784 obnoxius
1037 709 1105 786 fuit
1125 737 1163 797 a,
1196 727 1269 782 turn
1294 709 1465 798 Syrorum
1485 713 1551 782 ho·

397 809 489 884 stiles
515 812 550 882 in
567 809 720 903 Judaeam
738 813 890 902 impetus
905 809 1114 901 praecipuam
1131 811 1162 878 ἀ
1177 806 1254 878 fere
1272 811 1410 879 unicam
1427 809 1462 880 in
1481 809 1550 881 hac

395 908 584 1002 prophetia
609 925 743 1002 partem
767 907 912 979 faciunt.
965 905 1142 999 Scriptum
1165 907 1259 978 eninr
1274 901 1396 998 sanem
1413 903 1554 999 propefi·
1602 965 1613 976 .

394 1018 465 1078 tum
487 1003 552 1094 eli,
580 1025 620 1078 ut
644 1003 737 1076 reete
762 1006 998 1096 Hieronymus
1019 1008 1056 1090 b,
1082 1027 1144 1074 non
1170 1018 1336 1073 externam
1350 1005 1465 1095 absque
1480 1001 1553 1099 Ju-

394 1104 471 1175 daeis
494 1100 657 1194 historiam
684 1119 810 1185 texere,
828 1099 887 1194 sed
913 1123 1003 1184 reru,
1038 1123 1106 1194 que
1130 1097 1246 1188 Israeli
1265 1103 1380 1192 populo
1401 1105 1556 1192 copulata

394 1199 453 1292 est.
504 1201 709 1272 Occurrunt
733 1221 840 1286 cero,
867 1215 993 1290 prater
1015 1200 1195 1290 utriusque
1215 1199 1313 1292 regni
1337 1211 1478 1284 ortum,
1502 1199 1556 1267 di·

394 1300 472 1392 gito
496 1315 631 1372 tanturn
654 1295 905 1378 monstratum,
939 1299 1061 1388 parum
1076 1315 1207 1368 mutuae
1220 1297 1474 1368 contentiones
1491 1293 1555 1366 ho·

395 1395 489 1468 strles
505 1433 519 1484 ,·
550 1397 583 1467 dc
606 1396 809 1488 judeorum
832 1391 1068 1479 adflitbroncs,
1104 1413 1168 1484 cap
1202 1414 1277 1477 in,
1303 1412 1412 1484 usque
1431 1395 1473 1462 ad
1491 1393 1554 1465 do.

394 1515 473 1568 mus
498 1491 668 1564 Antiochi
693 1491 885 1584 Epiphanis
910 1487 1036 1576 finem;
1060 1494 1184 1583 partim
1207 1490 1410 1582 Judaeorum
1428 1490 1555 1562 ubera-
1665 1567 1671 1575 ,

394 1590 499 1662 tio&
522 1590 723 1664 instauratio
747 1611 809 1680 per
825 1589 1064 1671 Maccabeos,
1092 1609 1123 1660 c.
1140 1608 1197 1660 xn:
1219 1609 1300 1680 1-·3.
1350 1586 1439 1682 Quae
1456 1586 1558 1676 sapil-

392 1687 475 1760 lima
491 1685 541 1756 est
557 1689 588 1757 dc
603 1686 694 1756 retia
708 1689 819 1757 totius
837 1686 1033 1777 prophetiae
1051 1685 1205 1776 partitio.

444 1787 475 1872 §.
494 1783 535 1854 11.
560 1784 786 1854 Praemittitor
811 1784 991 1870 utriusque
1014 1782 1110 1876 regni
1136 1783 1238 1878 origo
1253 1781 1305 1854 his
1320 1783 1439 1855 verbis
1459 1786 1553 1860 cers.

389 1897 429 1968 5.
452 1877 502 1947 Et
516 1884 708 1970 praeambit
729 1903 788 1948 rex
809 1876 950 1962 Andri,
978 1878 1020 1960 ὅ)
1035 1901 1073 1948 ex
1090 1881 1223 1952 ducibus
1243 1883 1336 1974 ejus:
1364 1879 1406 1962 {d
1421 1887 1553 1956 ine-ale·

379 1973 456 2070 fret
469 1973 575 2069 supra
592 1999 629 2046 oc
646 1990 759 2045 contra
774 1999 864 2062 eum,
892 1973 935 2056 ἐξ
956 1975 1199 2060 dominabitur,
1226 1982 1353 2071 ejusque
1370 1980 1551 2052 dominium

391 2079 455 2145 erit
475 2076 643 2166 imperium
669 2095 843 2168 maguum,
884 2073 917 2142 id
939 2069 1001 2143 est.
1029 2071 1248 2164 Ampliffimo
1276 2075 1466 2148 Alexandri
1492 2078 1549 2151 M.

391 2169 544 2265 imperio
565 2170 601 2242 in
627 2171 737 2242 varias
762 2166 923 2242 distracto
946 2185 1080 2260 partes,
1108 2173 1273 2262 variaque
1292 2173 1404 2245 diviio
1420 2176 1453 2246 in
1473 2197 1553 2270 reg·

392 2291 459 2348 nar
486 2267 558 2341 duo
574 2269 805 2356 eminebunt,
839 2267 980 2356 reliquis
1004 2267 1038 2339 δι
1062 2267 1207 2352 latiora,
1240 2267 1471 2355 &firmiora,
1505 2293 1547 2344 ac

388 2365 596 2454 illustriora,
623 2369 760 2438 alterum
776 2365 866 2458 regis
882 2361 999 2450 Austri
1015 2365 1291 2459 Aegyptiacum,
1318 2389 1337 2438 a
1354 2367 1546 2443 Ptolemaeo

389 2465 496 2562 Lagi,
521 2467 681 2549 alterum,
710 2459 788 2552 post
812 2461 895 2532 illud
913 2459 1074 2554 quidem,
1100 2464 1143 2534 ab
1159 2485 1233 2535 nno
1249 2464 1379 2537 ducum
1395 2466 1547 2542 Alexan·

387 2563 462 2650 dri,
489 2562 641 2634 Seleuco
658 2558 786 2633 scilicet
802 2557 993 2645 Nicatore,
1021 2576 1107 2631 tunc
1123 2561 1235 2632 adhuc
1255 2563 1358 2644 duce,
1385 2565 1545 2639 nondum

388 2681 494 2756 rege,
520 2657 728 2744 fundatum,
761 2673 915 2728 attamen
938 2656 1222 2747 amplitudine&
1246 2660 1408 2750 potentia
1430 2663 1546 2733 excel-

388 2759 543 2841 lentius3
570 2754 666 2826 simul
690 2755 853 2826 aemulum
874 2753 908 2823 ἂ
931 2752 1162 2826 adversarium
1179 2756 1266 2845 ejus.
1320 2756 1417 2828 Prius
1431 2757 1546 2853 uersus

388 2854 588 2930 membrum
614 2851 657 2920 de
680 2861 852 2944 regnorum
873 2850 1012 2924 illorum
1036 2850 1267 2938 fundatione,
1303 2853 1485 2926 succeffive
1505 2855 1543 2930 δι

389 2973 465 3026 non
490 2947 585 3020 simul
606 2948 823 3042 peragenda,
849 2949 942 3043 agit,
968 2945 1123 3040 polimius
1145 2953 1179 3022 in
1198 2952 1385 3044 utriusque
1402 2975 1543 3046 cornpa·

388 3051 527 3120 ratione
551 3043 779 3134 instituenda,
814 3069 880 3139 qua
901 3043 1073 3139 posterius
1096 3049 1202 3140 priori
1227 3049 1435 3141 prefertur,
1463 3073 1541 3124 ver·

384 3145 492 3220 satur.

440 3250 471 3335 ᾗ.
494 3239 553 3316 111.
582 3243 753 3338 Origiuem
772 3244 956 3338 utriusque
980 3243 1116 3339 imperii
1131 3247 1207 3319 hec
1223 3268 1332 3337 pauca
1349 3251 1461 3324 verba
1483 3251 1542 3324 de·

386 3344 538 3418 ciarant:
565 3339 607 3420 ὅ)
630 3339 804 3434 invauscn
827 3367 884 3412 rm
905 3340 1043 3432 Austri,
1079 3344 1122 3426 (9⁹
1144 3369 1182 3415 erc
1197 3347 1328 3414 ducibus
1345 3349 1442 3438 rjus,
1469 3373 1542 3425 non

311 3487 313 3492 ,
385 3443 478 3538 regis
500 3436 642 3524 Austri,
682 3437 739 3510 sed
765 3439 955 3512 Alexandri
981 3442 1058 3524 m,
1093 3442 1194 3514 versu
1216 3446 1440 3530 precedente
1467 3471 1540 3521 me·

382 3536 535 3625 morati,
561 3533 605 3608 se.
630 3535 802 3626 invalescet
818 3560 907 3610 unus
923 3539 980 3607 vel
996 3541 1127 3628 aliquis.
1180 3539 1337 3614 Verbum
1355 3545 1449 3616 eninr
1472 3573 1536 3652 pm·

385 3637 562 3728 invalescet
579 3634 619 3705 ad
637 3653 846 3724 utrumqne,
873 3637 1026 3730 &regem
1042 3636 1181 3726 Austri,
1207 3639 1238 3708 dc
1256 3640 1370 3709 ducum
1386 3642 1456 3735 ejus
1475 3648 1538 3714 eli·

379 3760 496 3833 quem,
523 3733 700 3825 pertinet3
725 3733 944 3827 phrasrsque,
969 3758 1008 3805 ex
1031 3737 1163 3806 ducibus
1179 3737 1267 3832 ejus,
1292 3738 1448 3830 elliptica
1465 3738 1536 3830 est,

1421 3860 1534 3912 11111111·

416 3987 434 4025 a
456 3965 524 4023 Vid.
546 3967 602 4043 Jos.
628 3968 693 4027 Ant.
709 3968 730 4028 1.
746 3984 814 4032 xta.
836 3990 860 4034 c
877 3987 904 4046 3.
922 3972 948 4049 b.
971 3987 997 4048 p
1014 3973 1136 4036 Hieron.
1155 3971 1191 4033 ad
1206 3974 1234 4034 n
1255 3972 1273 4031 t

412 4047 433 4104 b
450 4044 490 4106 ad
504 4045 581 4106 Dan.
595 4061 645 4108 atr
660 4061 686 4120 5.
1190 4089 1192 4096 ·
