3504 4782
297 401 354 464 m
403 355 780 460 vitrorum
827 372 1162 468 urnrttrs.
1240 405 1313 490 ur
1367 501 1369 504 .

155 569 196 648 ni
216 565 369 652 alienum
390 565 452 643 est.
503 587 536 662 3.
562 565 691 664 Bosnie
712 589 796 658 tex,
818 585 839 642 a
860 568 1070 646 Muhamete
1092 571 1308 665 debellatus,

124 759 131 766 ‚
157 665 242 766 quid
262 667 405 754 habuit,
439 688 510 760 quo
533 689 632 740 corna
654 669 774 742 iocum
799 667 837 742 iri
860 671 977 762 capite
998 668 1116 744 bestia
1143 675 1307 756 meruit?

153 762 295 839 Retiius
316 764 388 836 fine
409 763 517 838 dubio
548 775 592 837 ne
616 763 1039 860 Constantinopolitano,
1071 768 1308 864 Trapezunti·

152 885 201 938 no
235 861 271 934 &
301 861 625 938 Mammelucorum
659 883 771 961 regno
800 867 1019 961 cogitaretur
1036 887 1071 954 ,a
1096 867 1313 945 Mohamete

151 959 304 1056 partim,
330 961 457 1053 partim
480 981 500 1033 a
523 961 731 1036 Solimanno
754 958 942 1037 destructo.
969 964 1026 1036 sed
1056 985 1086 1037 1.
1105 965 1199 1040 idem
1217 983 1306 1044 tem·

152 1061 248 1154 poris
272 1056 420 1153 spatium
442 1055 588 1145 obstat;
613 1080 696 1134 cum
717 1058 792 1133 duo
816 1061 930 1152 prima
949 1083 970 1132 a
994 1061 1201 1138 Mahomete
1222 1065 1302 1138 Sec.
1457 1127 1462 1135 t
1599 1133 1603 1140 x

150 1177 208 1231 xv.
242 1154 279 1228 e
306 1153 525 1248 postremum
553 1157 632 1229 Sec.
663 1177 743 1234 xvr.
770 1177 791 1228 a
815 1155 1022 1232 solimanno
1055 1157 1095 1232 iit
1124 1159 1309 1252 peffunda·

148 1267 240 1328 turn.
295 1273 330 1325 t.
353 1249 660 1345 Trapezuntinum
678 1251 832 1344 fitaeque
848 1252 1058 1327 Graecorum
1083 1253 1309 1332 acConstan·

149 1349 460 1442 tinopoiitanum‘,
494 1369 559 1442 per
581 1347 729 1423 familias
754 1347 867 1448 regias
889 1365 1028 1425 tantum
1050 1349 1216 1426 distincta.
1271 1375 1305 1448 3.

148 1448 373 1538 Utrumque,
399 1445 434 1519 &
458 1442 678 1538 Trapezunt.
704 1446 739 1520 δι
767 1447 1020 1535 Mammeluc.,
1053 1447 1105 1522 est
1127 1452 1306 1526 recentio-

63 1551 68 1560 '
150 1550 194 1621 ris
218 1543 388 1640 originis,
415 1563 519 1636 quam
543 1562 582 1620 ut
600 1565 681 1619 cum
703 1543 869 1640 reliquis,
894 1565 960 1640 per
983 1566 1119 1620 cornua
1137 1547 1303 1642 depictis,

150 1643 270 1720 iocum
293 1643 423 1716 habere
447 1658 580 1735 queat:
619 1664 701 1716 cum
724 1660 845 1714 corum
868 1662 942 1716 non
971 1642 1133 1740 legantur
1154 1661 1224 1722 tam
1255 1646 1304 1719 di·

152 1741 253 1816 terso
285 1755 449 1831 tempore
473 1755 584 1828 natat
621 1736 681 1812 sed
710 1759 820 1814 unum
842 1754 982 1814 tanturn
1012 1763 1159 1832 parvum
1185 1763 1301 1818 cornu

33 1857 34 1860 ‘
88 1927 91 1930 ,
149 1837 226 1935 post
246 1837 393 1929 reliqua.
449 1835 518 1909 Sed
540 1833 728 1925 abstineo,
761 1857 843 1912 cum
865 1835 1019 1912 divertas
1042 1838 1101 1914 has
1124 1840 1299 1936 hypothe-

33 1961 34 2014 Ὺ
152 1936 203 2013 ses
223 1933 383 2009 refutare
406 1933 544 2009 animus
566 1956 642 2010 non
665 1931 718 2009 fit.

195 2039 227 2126 p.
249 2031 344 2107 XIX.
393 2049 427 2122 ς.
450 2025 617 2132 Quintum
639 2049 904 2128 argumentum,
930 2054 1004 2128 quo
1024 2035 1228 2132 hypothesis
1254 2038 1322 2133 de¹

149 2129 313 2206 Romano
343 2130 497 2224 imperio
519 2143 773 2226 oppugnatur,
804 2153 848 2204 ex
870 2127 941 2226 ipsu
960 2131 1194 2226 objectione,
1228 2155 1300 2230 qua*

48 2223 55 2238 ’
148 2229 266 2307 nostra
294 2223 548 2302 demonstratio
576 2227 777 2322 premitur,
813 2227 990 2312 nascitur,
1023 2227 1155 2304 &tum
1179 2235 1300 2328 praeci.

33 2379 34 2424 3
148 2350 254 2425 puam
275 2321 520 2398 difficultatem
536 2343 556 2395 e
573 2322 694 2398 medio
716 2322 830 2411 tollit,
857 2339 934 2396 tum
959 2322 1065 2396 etiarn
1090 2329 1225 2400 evertit
1249 2327 1300 2420 ip.

146 2425 218 2500 sam
233 2443 309 2497 eam
325 2417 546 2518 hypothefin.
597 2417 704 2518 Quia
722 2422 883 2492 nomano
900 2417 1056 2512 imperio
1073 2417 1186 2512 stant,
1205 2421 1300 2496 haud

33 2537 35 2610 ζ
144 2522 216 2598 sine
246 2541 369 2618 magna
394 2517 507 2614 specie
531 2532 688 2614 urgent,
719 2511 798 2588 fieri
827 2515 886 2590 vix
909 2511 1035 2610 porse,
1069 2517 1182 2609 quin,
1214 2539 1300 2597 cum

33 2635 34 2642 ’
146 2635 242 2696 totus
272 2618 351 2691 fere
372 2616 506 2703 Orbis,
542 2617 587 2688 ab
612 2611 738 2688 occasu
766 2611 979 2700 adortum,
1014 2613 1058 2688 ad
1079 2611 1301 2712 Euphratem
1411 2683 1412 2688 ,

33 2781 34 2810 ,
148 2739 257 2813 usque
290 2715 400 2789 fuerit
430 2730 593 2807 ternpore
622 2711 696 2786 nati
724 2707 854 2784 Christi
887 2710 1055 2785 Romanis
1092 2709 1296 2807 subjectus,

147 2813 312 2892 Romano
336 2811 488 2908 imperio
514 2811 614 2885 iocus
644 2809 681 2884 in
706 2808 892 2906 prophetia
914 2806 959 2882 de
983 2805 1195 2887 succeffione
1220 2834 1300 2912 reg.

33 2913 34 2992 ἰ
146 2933 276 2990 norum
299 2909 344 2986 sit
358 2909 503 2983 dandus.
553 2906 672 3007 Quem
701 2907 835 2984 nodum
858 2907 909 2981 ita
929 2904 1082 2995 solvam,
1110 2923 1150 2982 ut
1165 2907 1329 3006 Romag

33 3047 34 3052 Ν
146 3034 198 3087 no
224 3015 273 3085 lm
320 3009 374 3083 rio
403 3007 461 3083 hic
482 3005 619 3081 nullum
641 3006 760 3082 iocum
779 3019 988 3103 competere
1009 3003 1108 3081 simul
1128 3009 1295 3104 patescat.

144 3109 235 3208 Quo
290 3108 323 3183 ni
343 3107 419 3182 haec
441 3104 507 3178 tria
529 3103 647 3178 notari
670 3104 806 3194 veiim,
829 3125 905 3197 quae
932 3123 1147 3200 regnorum,
1172 3103 1297 3183 Nebu-

144 3204 376 3283 tadnezari&
392 3200 531 3276 Danieli
546 3201 750 3274 oblatorum
760 3249 778 3291 ,
794 3201 935 3274 criteria
949 3198 1103 3276 ducunt:
1127 3201 1297 3282 nimirum

33 3329 34 3354 ’
141 3317 253 3490 sii}
273 3297 855 3496 iiiiiiffgiissinqiineir?
875 3295 1298 3469 &institisti

33 3507 35 3594 ,
144 3501 418 3598 procederent,
452 3521 481 3575 c.
506 3495 715 3592 quibuscum
736 3489 863 3585 Judaeis
884 3489 1060 3582 praecipua
1072 3486 1220 3563 fuerunt
1234 3509 1297 3561 net

141 3602 255 3700 gutia.
289 3619 318 3674 a.
346 3597 482 3672 Primus
505 3591 657 3670 caraRer
681 3611 762 3666 cum
788 3607 833 3663 ex
856 3590 1021 3682 imagine,
1048 3587 1148 3676 cujus
1169 3585 1299 3683 scopus

33 3693 35 3724 ⁵
141 3713 247 3785 erat,
274 3694 595 3782 Nebucadnezsri,
621 3689 664 3762 de
687 3687 784 3784 regni
809 3686 858 3761 sui
882 3683 1006 3759 facist
1057 3684 1179 3775 tanti,
1206 3687 1296 3759 vari·
1355 3767 1359 3775 ,

33 3827 34 3876 ι
138 3819 179 3871 as
202 3797 280 3888 ejus
303 3791 554 3880 succeiiiones,
580 3789 707 3882 quibus
728 3787 772 3861 ab
795 3808 863 3860 una
878 3799 1025 3883 genten
1069 3783 1169 3857 aliam
1185 3796 1300 3858 trans·

139 3895 335 3986 ferretur,
361 3894 411 3970 ob
433 3889 563 3968 otuios
585 3903 753 3984 ponere,
775 3901 824 3964 ut.
837 3905 887 3963 en
904 3885 1000 3965 Dan.
1024 3901 1069 3959 ru
1091 3885 1240 3976 28···3o.
1260 3882 1300 3953 ii·

33 4029 34 4050 ι
976 3998 1015 4056 η
1210 3991 1299 4072 quet
