3456 4784
423 391 492 484 438
597 363 1425 451 commensuratus

426 562 665 656 potentiorem
689 558 721 630 δι
746 555 980 648 superiorem,
1012 549 1075 646 ipsr
1095 553 1202 626 etiarn
1226 551 1376 645 desuper
1391 553 1575 630 imminen·
1716 635 1718 642 Α

427 675 523 748 tent,
550 678 714 750 tanquam
738 654 901 728 inferiori
918 653 949 722 a
964 651 1209 736 imbecilliori,
1235 652 1330 742 quod
1345 649 1395 721 est
1409 649 1494 742 llere
1509 659 1597 746 prae'

428 757 492 851 ipsi
514 759 544 829 ἃ
553 757 655 849 jirpsr
670 750 732 846 ipso
748 776 767 862 εΙ
784 756 949 836 alterum,
978 747 1052 842 regi
1074 747 1228 844 Aegypti
1244 748 1329 820 nihil
1344 750 1477 842 negotii
1493 771 1576 826 cum

426 877 508 950 sege
527 853 807 945 Septentrionrs,
841 862 1005 937 tanquam
1028 842 1147 934 hoste,
1180 844 1361 933 sutururn,
1395 847 1506 917 nullas
1526 849 1577 918 in·

425 951 628 1025 festationes
646 946 679 1018 dt
700 943 941 1038 impressiones
957 941 1152 1035 passurum,
1179 943 1235 1012 sed
1251 945 1324 1032 ejus
1343 939 1501 1036 respeslu
1518 963 1576 1034 pa·
1710 1021 1712 1026 ,

372 1061 378 1066 ·
425 1047 548 1135 cifice,
581 1047 613 1118 a
638 1044 759 1116 secure
781 1043 958 1127 asturum,
992 1061 1032 1112 ac
1057 1041 1080 1111 sr
1105 1039 1252 1130 amplius
1275 1061 1349 1112 non
1371 1039 1573 1132 superesset.

423 1145 532 1244 Quod
545 1159 713 1236 utrumque
732 1139 895 1213 Historiae
911 1136 1029 1209 exarte
1044 1137 1231 1208 convenit.
1279 1135 1358 1208 Ana
1376 1139 1471 1210 enim
1491 1159 1574 1211 con·

423 1246 530 1316 tinuis
551 1243 650 1316 bellis
665 1239 937 1324 dilacerabatur3
967 1230 1177 1315 Seleucus&
1192 1231 1375 1304 Antiochus
1399 1233 1575 1332 (Hierax)

415 1338 547 1430 fratres
572 1342 687 1410 bellum
702 1349 832 1429 propter
850 1331 965 1425 Afium
982 1335 1134 1426 gerebam
1234 1333 1308 1402 hinc
1323 1330 1490 1426 Bithynus
1504 1331 1575 1403 Eu·

422 1459 547 1524 menes,
585 1436 658 1506 lude
692 1432 784 1504 Galli
813 1429 1040 1526 (humiliorum
1061 1425 1189 1522 semper
1215 1434 1414 1500 mercenaria
1439 1427 1574 1525 manus)

423 1531 539 1626 Aflam
554 1533 844 1626 depopulabantur:
869 1528 943 1600 haec
959 1523 1112 1620 Justinus
1129 1544 1157 1598 ⁶.
1209 1525 1349 1597 Interea
1363 1525 1573 1601 Ptolemaeus

423 1631 618 1727 Euergetes
642 1649 752 1723 regno
775 1627 879 1722 longe
903 1626 1042 1714 lateque
1065 1637 1261 1718 propagato
1283 1621 1317 1694 δι
1338 1623 1575 1714 potentissimo

423 1725 560 1821 semper
586 1724 721 1821 gavisus
744 1721 816 1810 est,
843 1743 910 1795 nec
933 1719 1061 1811 aliquid
1083 1717 1143 1790 fibi
1160 1738 1276 1814 arege
1291 1717 1396 1811 Syriae
1413 1735 1573 1796 metuen.

425 1824 508 1898 dum
531 1823 698 1896 habebat:
733 1819 841 1913 quid?
866 1818 962 1910 quod
982 1831 1051 1911 pax
1074 1817 1288 1911 interreges
1311 1817 1418 1908 Syriae
1441 1817 1567 1895 &Ae-

424 1919 674 2018 gypti‘fuerit,
707 1914 795 1988 teste
821 1914 959 2012 Justino
984 1917 1020 2000 b,
1044 1914 1149 2001 inita,
1176 1913 1210 1983 δι
1234 1911 1329 1986 reste
1350 1913 1569 1993 conservata.

423 2017 524 2115 Quae·
538 2017 627 2111 regis
649 2013 767 2086 Austri
789 2008 1014 2104 superioritas
1038 2011 1073 2084 &
1094 2011 1215 2084 secura
1235 2009 1395 2084 conditio
1411 2013 1570 2104 duravit,

424 2113 589 2209 quamdiu
617 2108 788 2204 superstes
808 2108 878 2182 fuit
900 2107 1109 2182 Ptolemaeus
1134 2107 1351 2204 Euergetes,
1375 2127 1441 2182 rex
1455 2111 1568 2184 sortu-

422 2211 610 2286 natissirnus
635 2209 668 2281 a
693 2204 967 2300 potentissimus,
1001 2205 1060 2297 qui
1087 2227 1198 2277 annos
1222 2225 1267 2295 25
1292 2207 1485 2302 regnavit:
1510 2211 1567 2282 Se·

358 2307 362 2316 '
419 2309 546 2397 leuco,
572 2308 632 2402 qui
653 2301 761 2402 enrrffo
782 2328 881 2399 regno
901 2326 975 2399 equo
996 2307 1243 2396 precipitatus,
1275 2305 1386 2376 verba
1408 2302 1487 2378 sunt
1508 2305 1567 2400 Ju.

421 2404 499 2480 stini
522 2423 556 2496 0,
580 2407 651 2497 jatn
669 2402 782 2496 finito.
831 2401 942 2499 Quae,
975 2400 1010 2472 ni
1032 2397 1162 2486 fallor,
1188 2396 1318 2492 phrasr,
1345 2397 1577 2490 flebit'anmr'

420 2527 441 2575 a
461 2527 534 2598 rege
558 2499 845 2594 septentrionis,
872 2494 1057 2572 sufficiunt.
1109 2494 1205 2571 Anm‘
1218 2496 1376 2571 absolute
1391 2521 1566 2576 memora·

421 2602 449 2674 ti
476 2601 513 2674 in
541 2599 610 2673 hoc
639 2598 729 2669 libro
749 2593 880 2687 justum
904 2595 1065 2688 aliquod,
1097 2615 1172 2666 non
1193 2593 1472 2689 hebdomadum,
1505 2617 1565 2675 aut

421 2696 610 2783 mensium,
638 2693 694 2765 sed
711 2713 869 2765 annorum
885 2691 1019 2785 aliquot
1038 2690 1206 2784 spatium,
1232 2694 1286 2767 uti
1299 2691 1398 2790 supra
1408 2695 1481 2786 jam
1500 2719 1563 2772 no-

421 2794 492 2867 tavi
546 2793 681 2863 dicunt.

469 2842 655 2978 §invit
691 2883 930 2958 Felicissimanr
959 2883 1050 2957 hanc
1073 2886 1170 2982 regni
1195 2886 1349 2982 Aegypti
1373 2887 1562 2980 periodum
1617 2879 1620 2884 ’

420 3006 490 3058 una
512 2997 648 3058 tanturn
668 2985 768 3067 vice,
794 3005 838 3054 ex
859 3003 930 3074 quo
955 3004 1102 3078 regnum
1126 2983 1234 3075 Syria
1255 2983 1425 3058 invaserat
1448 2985 1566 3062 Ptole·
1711 3003 1715 3014 ·

420 3103 551 3170 maus,
578 3082 815 3156 interturbare
835 3077 978 3153 molitus
1006 3079 1057 3152 est
1080 3081 1266 3170 Seleucus,
1300 3083 1565 3175 expeditionem

380 3221 384 3232 ·
421 3179 458 3251 in
487 3201 633 3276 regnurn
663 3176 819 3274 Aegypti
842 3175 1084 3272 suscipiendo,
1117 3179 1208 3251 haud
1232 3179 1290 3250 diu
1315 3179 1394 3271 post
1415 3203 1564 3279 regnum

420 3273 528 3368 Syriae
554 3299 573 3348 a
595 3277 786 3349 Ptolemae
811 3289 1043 3368 occupatum,
1068 3277 1126 3349 sed
1150 3273 1381 3352 infelicissimo
1396 3278 1572 3354 successu:

382 3417 386 3426 ·
420 3371 547 3447 Laetus
572 3377 668 3445 malis
686 3371 761 3468 suls
789 3372 1026 3470 (Seleucus,)
1055 3371 1098 3456 ἐφ’
1128 3373 1255 3444 domnis
1276 3374 1375 3446 ditior
1395 3379 1563 3466 redditus,

420 3490 504 3546 utor
521 3469 632 3546 rursus
650 3469 772 3564 Justini
788 3469 957 3556 dverbis,
984 3475 1091 3544 ueluti
1101 3486 1164 3565 par
1181 3473 1329 3559 viribus,
1353 3475 1469 3546 bellum
1486 3473 1564 3547 Pto·

420 3573 535 3642 lemaro
556 3566 682 3659 insert:
699 3567 759 3664 secl
779 3565 866 3664 quest
887 3569 928 3638 od
947 3569 1122 3641 ludibrium
1148 3579 1279 3640 rentum
1289 3567 1450 3660 fortunae
1464 3587 1564 3645 nolus

419 3663 515 3763 effer,
540 3689 596 3742 uec
609 3679 742 3762 propter
761 3667 853 3738 aliud
875 3670 1053 3762 regni'oper
1067 3659 1248 3762 rerepiffel,
1274 3689 1367 3762 quam
1382 3682 1420 3740 ut
1434 3676 1562 3744 omitte·

1489 3785 1563 3868 ret,

397 3908 678 4044 sitnm
703 3925 730 3984 3.
849 3908 905 3970 nl.
928 3927 952 3970 c.
975 3925 1036 3994 cap.
1058 3923 1085 3970 2.
1204 3909 1437 3988 tl.ocap.a.

529 4004 582 4047 vc.
604 4004 633 4047 2.
1300 4002 1304 4012 “
