3418 4754
294 437 351 494 in
399 413 777 498 varrcrurs
825 419 1160 504 nnurrnrs.
1236 447 1304 524 sm
1352 369 1358 376 ⁶

127 693 130 700 ,
156 605 252 686 terit.
268 605 437 681 Ceterum
452 607 581 684 eodem
596 608 691 706 idem
708 610 979 686 PetrusoPetr.
1001 632 1079 686 111:
1100 613 1132 686 8.
1159 609 1211 682 his
1227 631 1306 684 ver·

149 703 209 786 bis
236 703 434 778 luculenter
457 707 583 781 tendit.
636 705 717 782 Non
733 710 844 782 tardor
860 706 1025 782 Dominus
1039 703 1243 806 promiffnm,
1269 721 1308 781 nt

104 865 110 876 ,
155 805 307 879 nonnulli
330 804 520 876 tarditatem
542 809 833 901 interpretantem
866 805 924 903 sed
946 811 1141 903 longanimis
1164 805 1208 890 asi
1230 826 1308 900 erga
1385 807 1389 812 '
1479 813 1483 834 ’

148 905 230 1016 nm,
257 903 367 974 nolent
387 923 574 998 quemqnam
585 910 716 998 perire3
732 902 793 999 sed
807 926 913 978 omnes
929 906 970 977 ad
986 903 1238 1001 refipis'centimn
1256 925 1310 977 ot·

157 1020 242 1186 mse..
257 1065 403 1168 XLVII.
464 1115 498 1186 5.
532 1097 680 1171 Accedo
703 1097 746 1170 ad
768 1099 927 1174 ultimam
950 1096 1127 1172 rationem
1150 1085 1323 1175 methodi

156 1193 436 1286 prophetarum,
469 1215 574 1285 quam
598 1197 634 1268 in
662 1193 790 1292 Regno
805 1192 932 1266 Christi
956 1193 1157 1305 glorioso&
1173 1193 1314 1290 prospe·

5 1357 8 1366 .
147 1311 222 1382 ru,
248 1309 289 1362 ac
314 1287 526 1381 universali,
559 1291 785 1388 depingendo
805 1307 951 1381 tenent,
977 1314 1030 1365 nn
1053 1293 1208 1366 medium
1231 1313 1312 1385 pro·

157 1383 364 1475 ferendam,
389 1387 588 1464 &aliorum
604 1390 758 1464 examini
774 1388 1044 1482 subjiciendam
1077 1413 1153 1482 quae
1168 1409 1315 1464 omnem
1397 1465 1402 1472 ,

159 1482 290 1577 eripiet
312 1479 576 1576 difficultatem,
602 1509 707 1584 quam
731 1485 941 1562 immensum
965 1485 1050 1559 illud
1073 1509 1248 1561 annorum
1263 1487 1314 1558 in-

158 1580 346 1656 tervallum
367 1581 461 1656 inter
486 1583 585 1659 initia
602 1586 636 1656 da
653 1583 921 1679 complementa
936 1583 1051 1681 Regni
1064 1581 1315 1658 Christiadhuc
1363 1663 1366 1666 ,
1453 1570 1456 1576 ’

62 1731 66 1734 ⁴
158 1678 331 1772 reliquam
357 1677 456 1754 fecit.
520 1680 685 1778 Regnum
708 1679 838 1754 Melliae
858 1683 930 1775 jam
953 1683 997 1756 ab
1018 1681 1121 1755 initio
1144 1683 1214 1756 tale
1234 1702 1315 1774 pro-

147 1792 319 1872 ponere,
343 1777 446 1869 quale
461 1799 536 1852 non
551 1777 614 1853 nifi
631 1777 710 1873 post
725 1792 781 1852 tot
796 1777 869 1852 sata
886 1778 1116 1868 intermedia,
1142 1795 1200 1853 tot
1219 1776 1317 1851 secu·
1365 1825 1368 1832 -

156 1873 275 1948 lorum
288 1874 499 1964 intervalla,
523 1873 686 1952 futurum
701 1875 772 1965 est,
788 1876 895 1950 habet
907 1873 995 1969 'quid
1010 1877 1198 1969 paradoxi,
1219 1871 1317 1968 quod

157 1991 223 2067 per
236 1967 435 2064 superiores
449 1971 605 2048 rationes
624 1973 767 2066 quidem
786 1974 890 2047 valde
907 1973 1155 2060 imminutum,
1168 1973 1226 2046 sed
1242 1971 1317 2046 for-

145 2065 244 2143 'tane
259 2067 418 2143 nondum
439 2071 545 2163 plene
567 2067 743 2146 sublatum
758 2069 821 2144 est.
875 2069 1086 2160 Videamus,
1112 2094 1199 2145 num
1213 2091 1315 2143 novo

159 2164 351 2241 observato
375 2166 412 2237 id
435 2164 597 2260 praestare
618 2189 809 2261 queamus,
836 2166 932 2260 quod
955 2168 1063 2240 habet
1078 2165 1258 2331 ,Apuliam
1272 2165 1319 2237 n·

158 2265 216 2337 lud
238 2263 465 2334 intermedium
485 2265 571 2334 inter
593 2269 729 2335 initium
755 2260 798 2344 δ’
819 2265 1080 2357 complementum
1135 2267 1210 2359 ogni
1226 2255 1317 2334 Mes·

151 2357 213 2456 fia
236 2353 341 2455 fmffe
375 2355 547 2548 Perbetir
582 2355 624 2432 V.
661 2356 702 2431 T.
726 2357 930 2452 obversatum
958 2371 1114 2454 tanquam
1136 2379 1314 2449 vacuum,
1406 2384 1408 2388 ·

153 2459 265 2533 ,nullis
288 2451 411 2545 tafibnr
442 2453 711 2550 rugosioribus&
728 2451 886 2548 dioerfis,
902 2451 1098 2550 seinvicem
1115 2459 1316 2552 exceptoris,

160 2549 366 2647 distiniinm:
392 2553 520 2648 partim
545 2553 641 2645 quod
665 2551 808 2626 Veteris
822 2553 1053 2626 Oeconomiae
1070 2552 1242 2648 &populi
1256 2550 1315 2645 Ju·

146 2650 228 2728 'dai
247 2649 344 2725 nulla
367 2648 445 2744 post
466 2647 675 2725 destrudlam
696 2649 981 2744 Hierosolymam
1012 2650 1155 2742 forent,
1186 2651 1316 2746 partim

161 2749 259 2846 quod
281 2745 401 2823 Novae
422 2747 654 2824 Oeconomiae
673 2746 747 2822 fata
759 2746 944 2822 succeffiva
960 2747 993 2821 or
1010 2747 1221 2825 intermedia
1234 2745 1314 2840 ipsis

160 2870 238 2925 non
258 2845 393 2921 fuerint
414 2848 584 2922 revelata.
641 2844 734 2944 Quae
750 2845 822 2921 duo
845 2847 870 2920 li
894 2868 979 2920 vera
1002 2846 1086 2935 sint,
1117 2845 1188 2942 ipsa
1209 2843 1314 2920 thesis

42 2993 53 3008 a
162 2946 208 3020 de
231 2942 341 3036 spatio
358 2944 427 3018 hoc
441 2965 563 3019 vscuo
579 2941 705 3038 sponte
724 2941 783 3018 sua
795 2943 868 3020 sese
884 2944 1161 3021 commendabit.
1188 2940 1314 3030 Prius,

153 3039 263 3138 ¹quod
284 3040 328 3112 ad
348 3041 521 3134 populum
538 3040 696 3134 Judaeum
717 3039 868 3136 speum,
892 3041 1091 3118 faciliorem
1108 3041 1314 3135 impetrabit

143 3133 359 3234 ,adsensum
409 3138 500 3210 Cum
525 3135 629 3209 status
650 3135 744 3212 istius
760 3138 908 3235 populi,
933 3137 1315 3233 respeiiucharadleris

165 3233 378 3321 essentialis,
404 3231 462 3324 qui
487 3233 523 3305 in
545 3227 792 3328 distinguendis
815 3233 967 3327 periodis
991 3237 1094 3310 unice
1116 3236 1154 3310 in
1173 3235 1316 3309 censum

147 3332 290 3418 [venit,
316 3350 407 3404 unus
428 3326 593 3422 idemque
607 3329 651 3400 ab
670 3347 714 3401 to
727 3344 892 3423 tempore
907 3329 1096 3423 manserit,
1122 3331 1317 3406 mansurus·

167 3454 238 3528 que
260 3429 302 3503 sit
320 3426 364 3502 ad
385 3427 544 3502 ultimam
569 3424 841 3501 conversionem
862 3449 987 3520 usque.
1043 3427 1116 3527 Qui
1137 3427 1190 3500 est
1209 3427 1316 3499 status

167 3527 396 3622 reiediionis,
422 3525 454 3600 a
472 3522 791 3599 oberrationis'fine
805 3521 888 3598 Deo
903 3523 936 3597 δι
951 3524 1070 3621 Rege,
1096 3524 1201 3598 status
1218 3521 1287 3597 mis
1303 3566 1316 3582 ·

169 3629 230 3702 riae
253 3625 288 3699 δι
309 3623 534 3714 calamitatis3
560 3622 595 3696 in
620 3643 725 3716 quem
748 3622 957 3716 precipitati
974 3619 1145 3714 suntpost
1160 3617 1317 3694 Meffiam

149 3721 344 3802 'obstinate
367 3720 533 3817 spretum.
583 3720 775 3817 Hucusque
790 3721 980 3809 vaticinia,
1003 3719 1048 3793 ad
1061 3715 1235 3793 diversum
1255 3738 1319 3811 po·

152 3816 246 3920 'puli
267 3820 377 3912 Judaei
404 3819 529 3894 statum
554 3819 788 3914 pertinentia,
828 3817 901 3893 sese
923 3819 1128 3917 porrigunt,
1160 3815 1357 3908 nihilque
1442 3845 1445 3850 ,
1527 3843 1532 3851 =

170 3937 302 4019 praeter
333 3917 602 3996 eonverfionem
622 3919 665 3994 ad
686 3917 806 3997 Deum
831 3918 868 3996 in
892 3938 1023 4019 genere
1047 3914 1318 4088 repraesentaan

1277 4029 1301 4084 u
