3416 4746
342 421 463 486 .'.ao
537 408 658 500 DA
704 405 754 486 N.
829 433 894 489 rr:
951 437 1036 513 7··9.
1138 403 1141 410 ’
1218 427 1290 520 467

141 601 294 696 ptiacutu
312 596 576 688 turbulentum,
601 594 779 674 infirmum
795 601 829 674 δι
848 602 1091 694 tyrannicum,
1107 605 1150 678 ab
1168 605 1288 700 aliquo

141 715 302 790 tempore
324 693 463 784 suisset,
490 695 524 770 u
546 717 642 770 nunc
664 717 781 793 arege
799 719 910 789 puero
926 715 1133 789 teneretur,
1158 703 1219 774 sub
1233 719 1289 775 tu-

140 795 278 868 toribus
300 793 360 867 vel
383 790 718 868 administratoribus
738 791 905 887 pessimis,
931 812 1119 889 antequam
1136 797 1288 874 Romani

137 892 215 984 eJ'us
243 887 438 967 sumfissent
462 891 620 964 tutelam.
671 889 725 964 Ex
747 913 820 984 quo
842 893 1185 985 emphasrs'vocum,
1211 913 1289 968 atm-

136 991 268 1086 poribus
290 991 380 1075 illis,
403 985 501 1060 simul
516 984 695 1061 elucescit.
745 987 854 1086 Quod
875 1010 920 1062 eo
939 989 1046 1085 magis
1063 991 1107 1062 ad
1120 1013 1195 1066 rem
1213 1009 1289 1064 erat

138 1085 199 1158 hic
213 1084 333 1159 locum
349 1083 534 1171 invenire,
551 1083 632 1174 quia
646 1084 754 1156 animi
768 1087 894 1157 horum
910 1087 1127 1178 populorum
1147 1089 1182 1161 in
1199 1088 1292 1180 prip-

140 1181 236 1258 ribut
256 1177 427 1255 Antiochi
448 1178 731 1272 expeditionibus
751 1179 943 1254 Ptolemaeo
958 1179 1099 1257 fuerant
1114 1182 1292 1257 faventio-

143 1295 223 1368 res,
249 1277 304 1352 uti
327 1297 373 1350 ex
392 1276 573 1368 Polybiou
590 1273 738 1352 constat.
788 1275 896 1350 Nunc
911 1292 1051 1368 autem,
1076 1280 1184 1353 rebus
1203 1282 1290 1354 utri·

143 1395 255 1466 usque
278 1376 378 1470 regni
401 1372 504 1446 valde
525 1372 736 1461 immutatis,
762 1369 798 1445 hi
820 1372 882 1468 ipsr
897 1376 1040 1468 populi,
1066 1377 1127 1468 qui
1142 1397 1214 1469 prae
1230 1398 1292 1450 cre·

142 1473 228 1545 teris
247 1471 291 1544 ad
307 1475 513 1568 praelentem
528 1472 698 1564 temporis
713 1468 840 1546 statum
854 1472 889 1546 u
902 1470 1105 1560 fortunam,
1117 1475 1258 1548 eodem
1274 1479 1290 1533 b

142 1565 254 1658 teste,
289 1566 360 1642 sese
389 1567 658 1643 accommodare
689 1565 826 1657 solent,
864 1567 980 1642 animi
1002 1569 1235 1664 plurimorum
1247 1569 1291 1642 ad
1381 1633 1385 1636 .

141 1664 314 1740 Antiochi
333 1663 496 1759 obsequia
519 1663 705 1758 proniores
726 1680 847 1753 erant,
880 1665 1051 1761 ipsiusque
1074 1667 1290 1741 invasionem

141 1781 189 1835 eo
204 1759 302 1855 ipso,
325 1761 421 1856 quod
435 1761 493 1834 hic
509 1761 728 1850 intenditur,
744 1763 852 1859 longe
866 1761 1068 1839 facillimam
1082 1764 1288 1840 reddebant.

141 1856 275 1932 Tantae
295 1864 381 1933 enim
397 1855 609 1955 diffirlutt'onis
625 1855 844 1953 &superbiae
862 1859 1060 1954 Agathocles
1078 1859 1164 1947 fuit,
1195 1881 1289 1935 mor·

140 1958 296 2048 tuo-jam
319 1953 568 2050 Philopatore,
595 1968 635 2028 ut
649 1975 692 2027 ex
705 1949 846 2029 historia
860 1957 1089 2050 prophetiam
1105 1957 1195 2033 hanc
1213 1957 1289 2030 illo-

137 2050 266 2141 strem,
304 2065 342 2125 ut
359 2051 511 2150 subditae
534 2050 803 2149 prius-Aegypto
826 2057 1039 2146 prouinciae,
1072 2057 1182 2128 verba
1208 2053 1311 2128 sunt'

40 2179 44 2189 ·
136 2150 352 2240 Hieronymi
378 2187 415 2236 c,
439 2152 655 2236 rebellarent,
680 2149 744 2221 dte.
795 2148 853 2220 De
875 2149 1000 2240 Judaeis
1021 2150 1108 2222 illud
1122 2151 1158 2222 in
1173 2149 1289 2244 specie

139 2263 186 2320 ex
208 2263 253 2317 eo
273 2241 432 2330 constat,
464 2264 548 2316 cum
570 2243 666 2334 quod
684 2265 769 2336 gens
785 2243 903 2334 Judaea
920 2266 996 2318 non
1009 2244 1073 2316 nist
1087 2251 1125 2316 vt·
1139 2246 1172 2318 u
1187 2250 1290 2318 armis

140 2339 249 2416 tueha
270 2335 341 2412 sese
364 2339 509 2432 Scopae,
533 2345 640 2428 quem
663 2359 728 2412 rex
751 2339 906 2434 Aegypti
926 2338 970 2410 ad
990 2353 1101 2413 tetras
1114 2341 1186 2413 illas
1203 2344 1290 2413 reci·

139 2437 312 2532 perandas
336 2434 495 2521 miserat,
530 2432 687 2522 dederit,
712 2449 787 2508 tum
812 2435 930 2528 quod,
954 2435 1071 2528 Scopa
1095 2438 1138 2510 ab
1162 2437 1289 2512 Antio·

139 2535 212 2610 eho
232 2531 430 2626 debellato,
453 2529 574 2608 ἱκεσίας
583 2528 699 2626 spuma
717 2531 929 2606 &lubenter
945 2531 1145 2610 admiserint
1162 2535 1289 2608 Antio·

140 2633 270 2721 chum,
296 2630 400 2724 eique
420 2630 457 2702 in
480 2626 704 2721 praesidiariis
720 2629 857 2723 Scopae
871 2628 1041 2703 militibus
1055 2631 1092 2703 in
1106 2653 1185 2704 arce
1204 2631 1288 2704 Hie-

123 2727 392 2822 *rosolymltana
412 2724 655 2821 oppugnandis
673 2747 778 2819 opem
799 2726 947 2799 tulerint
961 2725 1286 2820 Hierosolymitani.

137 2825 228 2925 Quae
245 2845 290 2898 ex
305 2823 461 2918 Jolepho
475 2821 494 2880 d
508 2819 682 2898 constant.
706 2822 894 2898 Habebunt
908 2821 942 2895 u
955 2823 1058 2900 aliam
1074 2826 1288 2918 peculiarem

137 2927 314 2998 rationem
331 2920 461 3014 Judaei,
488 2940 564 3012 quae
581 2941 706 2994 eorum
721 2921 891 2994 animosa
915 2919 1109 2996 Ptolemaeo
1124 2921 1287 2999 abstraxit

123 3041 182 3100 ‚ac
206 3019 386 3092 Antiocho
412 3016 600 3111 adplicuit,
631 3020 756 3109 partim
780 3017 875 3112 quod
892 3017 1041 3112 superbe
1057 3019 1287 3114 &tyrannice

139 3113 285 3189 suillent
305 3135 325 3185 a
345 3133 427 3207 rege
452 3111 590 3200 Austri,
622 3113 814 3188 Ptolemaeo
838 3114 1099 3209 Ahilopatore,
1126 3117 1286 3208 trattati,

140 3227 182 3287 ut
205 3208 307 3304 supra
326 3209 500 3293 vidimus,
532 3207 659 3298 partim
682 3211 776 3300 quod
801 3211 1049 3288 continuarum
1071 3214 1208 3288 illarum
1234 3237 1288 3288 re·

140 3329 225 3407 gum
253 3302 373 3381 Austri
402 3325 443 3376 ac
465 3302 725 3400 septentrionis
751 3303 795 3376 de
821 3305 1024 3398 coelesyria
1050 3307 1084 3380 dc
1111 3309 1288 3386 Palestina

139 3403 577 3492 concertationumque
600 3415 662 3472 eos
677 3411 862 3491 tantopere
876 3400 1103 3491 adflixerunt,
1128 3407 1285 3498 pertaesi,

140 3503 178 3576 in
194 3501 290 3596 spem
305 3510 496 3584 venerant,
517 3493 618 3581 sore,
644 3515 682 3572 ut
697 3495 880 3571 Antiocho
904 3497 974 3570 lese
994 3499 1224 3597 adjungentes
1245 3506 1287 3580 iis

142 3595 252 3673 finem
276 3596 524 3692 imponerent,
556 3613 682 3686 resque
706 3591 780 3670 suas
808 3589 981 3670 haberent
1000 3595 1224 3690 florentiores
1243 3623 1285 3676 ac
1396 3663 1397 3666 a

1005 3791 1009 3796 Δ
1185 3717 1285 3792 paca·

584 3837 687 3900 libid.
808 3837 880 3900 tad
900 3843 970 3903 vers.
996 3797 1080 3915 ιι.-.
1177 3843 1281 3912 dAnt.
