3504 4782
354 387 504 483 ,1442
563 357 1438 492 'D‘I'ssux‘rnulouus

414 675 418 683 ¹
510 582 589 666 ''slst
610 581 703 682 rapo*
722 597 783 661 ross
805 576 986 677 Βηβοίροισι
1009 581 1162 671 surrex&
1180 580 1245 648 nel
1261 580 1309 646 νῦν
1328 565 1383 648 ἔτι
1500 601 1503 608 “

452 716 467 738 “
501 719 625 806 ,Μηδὲν
647 723 760 794 Arnas
779 709 945 791 rexerim
962 709 1076 818 σφηκδῖ
1103 705 1323 808 drdpterr‘rtpor.

418 891 422 898 ²
524 917 574 994 Ut
596 921 680 996 nihil
695 915 945 1010 feraturjnunr
963 928 1024 1015 per
1043 935 1149 990 omnes
1174 909 1341 989 Barbaros·

399 1139 400 1144 Ν
432 1061 449 1099 “·
519 1051 636 1129 Attico
651 1039 808 1126 'crabrone
830 1052 1001 1147 quicquam
1015 1040 1159 1138 fortius.
1285 1073 1286 1080 ’

471 1255 505 1344 ς.
537 1249 733 1329 XXXVIII.
773 1247 942 1327 Ceterum
971 1245 1096 1324 odium
1123 1242 1365 1338 Gracorum,
1405 1258 1571 1345 tempore

416 1345 550 1425 'Xeers
581 1349 782 1427 immortale
813 1347 1021 1435 redditum,
1055 1345 1089 1420 dt
1117 1343 1293 1420 continuo
1318 1343 1488 1438 inmajus
1512 1370 1572 1424 au·

416 1444 541 1537 '‘etum,
565 1447 709 1523 tandem
723 1447 802 1522 dats
818 1444 1003 1521 occasione
1019 1456 1224 1546 erumperet
1239 1442 1279 1516 in
1294 1441 1450 1537 bellum,
1475 1443 1572 1539 quod

417 1541 604 1619 -Pemrum
618 1546 756 1620 rrrinam
777 1541 895 1619 secum
909 1541 1085 1618 traheret:
1111 1538 1429 1635 quemadmodum,
1454 1539 1572 1620 stan'm

416 1647 467 1713 'ac
487 1641 605 1714 Greci
626 1640 689 1715 sub
703 1639 809 1714 unius
825 1639 927 1736 regni
942 1637 1082 1808 &repis
1096 1635 1308 1733 potestatem
1323 1635 1452 1712 redatti
1467 1637 1569 1730 sunt,

422 1733 568 1812 effediui
589 1737 711 1830 datum
733 1733 796 1810 est.
846 1735 964 1834 Quam
987 1737 1024 1831 ip
1040 1757 1096 1810 arn
1117 1733 1288 1829 epocham
1307 1732 1391 1808 belli
1410 1735 1571 1834 Angelus

416 1835 528 1910 mobis
556 1833 761 1910 infinuatam
789 1833 908 1909 voluit
929 1851 994 1926 per
1023 1831 1162 1927 phrasin
1190 1854 1295 1906 omnes
1318 1829 1453 1908 scilicet
1472 1837 1570 1931 regor·

416 1929 567 2006 macra.
627 1929 718 2031 Quae
745 1931 883 2006 locutio
905 1927 1023 2004 studio
1044 1927 1097 2002 est
1115 1928 1249 2018 elesia,
1280 1942 1325 2004 ut
1344 1928 1388 2003 de
1409 1951 1456 2006 eo
1481 1945 1571 2008 tem·

256 2040 264 2050 ·
420 2047 539 2122 pore,
571 2049 645 2124 quo
672 2028 880 2104 Graecorum
905 2027 1051 2120 aliquod
1080 2023 1283 2101 universale
1304 2047 1456 2125 regnum
1475 2027 1571 2105 obti-

418 2129 546 2215 neret,
571 2127 817 2224 cogitaremus.
865 2122 978 2224 Quod
994 2143 1041 2198 ex
1054 2120 1199 2198 historia
1213 2119 1452 2201 confirmatur.
1487 2124 1568 2199 Phi-

415 2219 556 2317 lippus,
579 2223 728 2300 Graeciae
749 2222 946 2298 Monarcha
966 2219 1101 2311 factus,
1132 2221 1285 2297 animum
1309 2221 1354 2295 ad
1378 2219 1466 2297 illud
1492 2221 1566 2296 bel·

418 2317 493 2395 lum
517 2341 600 2396 mox
622 2320 780 2417 adpulit,
805 2320 838 2396 dt
855 2319 1077 2408 Alexander,
1103 2314 1243 2407 filius&
1264 2317 1461 2411 successor,
1483 2337 1566 2396 exe·

415 2419 555 2494 cutIoni
587 2419 695 2495 dedit.
757 2415 867 2519 Quod
894 2416 1008 2492 solum
1035 2433 1175 2511 tempus
1198 2416 1242 2492 ad
1269 2417 1460 2514 hocopus
1487 2429 1564 2494 erat

416 2515 779 2609 opportuoiffimum,
817 2533 895 2590 turn
920 2513 1012 2588 hanc
1037 2513 1087 2588 ob
1111 2511 1277 2604 causam,
1310 2530 1387 2590 tum
1412 2518 1462 2590 ob
1485 2517 1566 2590 alia.

416 2609 477 2683 De
502 2635 574 2704 quo
601 2614 723 2687 multis
748 2613 822 2708 'egit
850 2608 992 2686 Isocrat.
1015 2610 1055 2686 in
1080 2609 1249 2708 Panegyr.
1277 2611 1369 2686 &in
1390 2610 1493 2688 Orat.
1518 2611 1564 2692 ad

252 2765 256 2780 .
416 2703 627 2800 Philippum.
684 2705 766 2782 Nec
790 2706 886 2781 sorte
905 2708 1058 2784 multum
1080 2709 1339 2795 aberraremus,
1364 2704 1390 2780 fi
1412 2709 1448 2782 dr
1470 2707 1563 2786 hanc

298 2871 300 2876 .
415 2799 511 2875 inter
532 2805 613 2876 alias
635 2805 685 2878 ob
701 2803 877 2879 rationem
889 2803 1069 2902 Angelum
1082 2802 1234 2890 solarum·
1249 2802 1446 2878 diuitiarum
1460 2825 1562 2898 quar·

415 2897 447 2971 ti
462 2899 553 2998 regls
567 2898 687 2984 secisse
701 2903 923 2977 mentionem
936 2901 1147 2990 dixerimus,
1172 2911 1213 2973 ut
1226 2898 1413 2991 innueret,
1438 2922 1561 2996 quem.

415 2993 606 3072 admodum
628 2996 764 3074 Xerxes
786 2998 914 3096 opibus
932 2998 1000 3074 suls
1024 2999 1138 3072 elatus
1153 2994 1297 3073 Graecos
1312 2995 1352 3074 in
1373 2997 1411 3074 se
1429 3021 1564 3096 prorro-

415 3091 540 3186 eavit,
578 3093 639 3188 qui
670 3094 780 3171 Perfis
809 3095 1017 3173 ulciscendis
1046 3097 1091 3172 ab
1119 3115 1166 3172 eo
1194 3109 1355 3191 tempore
1376 3097 1564 3177 imminue·

415 3205 519 3280 runt,
543 3189 590 3266 fic
609 3189 833 3286 sequentibus
847 3194 1068 3291 temporIbus
1084 3215 1150 3289 per
1163 3193 1305 3274 easdem
1321 3193 1461 3270 dividas
1474 3195 1563 3274 Iram

413 3285 625 3365 Graecorum
652 3292 828 3368 continuo
854 3291 924 3367 elle
949 3290 1232 3382 accendendam,
1257 3291 1376 3368 donec
1398 3291 1435 3367 in
1454 3289 1561 3366 fune-

411 3383 503 3464 stum
536 3387 623 3461 illud
653 3389 784 3466 bellum
818 3391 987 3487 eruperit
1044 3385 1199 3482 Utique,
1232 3387 1329 3482 quod
1355 3388 1426 3464 huc
1445 3385 1564 3478 facit,

411 3481 492 3578 post
520 3485 681 3562 infelices
705 3486 886 3567 Persarum
915 3484 1190 3582 expeditiones,
1221 3485 1301 3576 illi,
1332 3507 1353 3560 a
1377 3483 1473 3560 bello
1500 3483 1572 3562 fibi.

411 3601 495 3656 cum
520 3583 652 3658 Graecis
671 3601 867 3675 caventes,
892 3607 1014 3680 opum
1039 3583 1310 3680 elargitionibus
1338 3581 1468 3660 Grecos
1498 3605 1565 3658 cor·

412 3692 607 3848 arxe
631 3681 1439 3876 ,sas
1469 3679 1566 3870 ῖῖ

592 3827 605 3864 2

408 3869 464 3944 hoc
475 3867 658 3968 sparsaculo
681 3871 867 3970 fruentem
907 3897 985 3976 qua
1009 3875 1120 3954 verba
1140 3873 1264 3972 Polyb.
1288 3789 1314 3952 Γ
1334 3891 1387 3950 rx.
1411 3893 1447 3970 p.
1461 3875 1561 4045 spui}
