3462 4770
429 409 502 486 rot
583 394 1432 484 D‘sssunrn‘rtontue
1581 402 1587 419 “
1672 505 1685 540 x

430 591 561 672 dorum
581 601 664 672 c'um
684 593 815 688 Persae,
840 593 1021 672 Persarum
1036 595 1118 668 cum
1131 590 1265 666 Grecis
1279 587 1396 679 cellit,
1423 603 1501 664 turn
1520 587 1580 662 de·

404 779 406 784 ¹
430 695 539 786 nique
561 694 657 786 qnod
677 696 769 768 inter
789 694 953 767 Barbarae
976 711 1099 788 gentes
1123 689 1272 764 divisum
1293 689 1426 774 fuerit,
1451 687 1578 760 &sere

396 791 401 810 ²
430 793 628 867 evanuerit.
680 791 737 864 De
764 793 889 886 quibus
911 791 1050 885 prolixe
1070 786 1233 886 disserere
1260 783 1415 879 possem,
1440 781 1464 854 li
1493 784 1577 856 lice-

429 903 502 962 ret.
562 886 686 964 Finem
713 911 803 964 vero
831 890 928 986 regni
953 891 1065 982 quarti
1092 885 1125 958 dt
1155 884 1294 960 initium
1325 885 1433 978 quinti
1460 879 1581 960 secum

394 1015 396 1018 ·
431 983 599 1060 connecti
623 1007 669 1060 err
690 985 767 1060 vifis
789 985 866 1080 ipfis
879 987 988 1060 dubio
1006 999 1115 1056 caret.
1166 983 1201 1056 6.
1227 981 1391 1073 Denique
1406 997 1475 1052 nec
1491 979 1578 1054 illud

397 1111 401 1122 ·
432 1081 534 1156 nihili
553 1081 623 1173 est,
661 1085 837 1158 rationem
862 1082 1048 1156 difficulter
1069 1079 1168 1153 reddi
1192 1079 1310 1172 posse,
1343 1097 1471 1170 quare,
1496 1097 1581 1152 cum
1709 1169 1712 1174 Ι

432 1193 492 1257 tot
515 1179 581 1252 alia
603 1197 731 1273 preter
752 1179 953 1256 Romanum
973 1179 1192 1274 imperium,
1219 1176 1382 1272 &regna
1396 1177 1432 1248 in
1451 1193 1499 1248 eo
1520 1195 1579 1247 or.

429 1291 492 1363 ta,
518 1275 653 1351 fuerint
672 1276 705 1350 dt
723 1277 789 1353 sint
811 1278 849 1354 in
872 1276 951 1352 Alia
973 1297 1080 1373 regna
1100 1273 1269 1362 maxima,
1303 1293 1380 1366 quae
1401 1291 1485 1346 cum
1506 1271 1579 1344 Ro.
1725 1287 1726 1290 ‘

400 1395 401 1400 ‘
434 1394 543 1448 mano
565 1378 763 1467 comparari
784 1391 937 1468 queant,
977 1392 1015 1448 ut
1045 1371 1245 1449 Parthorum
1267 1373 1406 1466 primo,
1437 1367 1580 1442 &dein

430 1466 631 1566 Persarum,
657 1470 1009 1568 pretermisimus,
1033 1465 1288 1560 &Sinenfium,
1312 1489 1354 1542 ac
1369 1467 1403 1540 in
1422 1463 1494 1558 ipsa
1509 1463 1579 1538 Eu.

432 1589 523 1660 rupa
544 1564 804 1662 Moscouitarum
827 1569 884 1644 vel
907 1564 1103 1666 Rufforum,
1129 1587 1265 1661 quare,
1290 1565 1452 1660 inquam,
1476 1563 1581 1656 Spiri.
1725 1621 1726 1648 ,

435 1678 493 1738 tus
517 1664 776 1757 Propheticus,
815 1665 839 1739 st
861 1687 1055 1763 regnorum
1076 1661 1303 1738 succeffiones
1329 1663 1372 1736 ad
1394 1659 1501 1738 finem
1525 1683 1581 1742 us,

435 1781 507 1854 que
540 1759 738 1838 seculorum
762 1763 929 1838 exhibere
959 1763 1143 1850 voluerit,
1175 1761 1211 1834 in
1232 1781 1308 1834 uno
1328 1761 1483 1853 imperio
1508 1756 1582 1836 Ro,
1724 1735 1726 1762 ⁴

437 1879 548 1932 mano
563 1859 721 1947 haeserit,
746 1861 895 1937 aliorum
911 1857 1225 1955 prorsutnegledla
1245 1860 1442 1933 mentione.
1490 1855 1584 1956 Qua
1725 1881 1726 1884 ¹

433 1953 556 2048 queso
585 1952 666 2050 fingi
694 1959 828 2048 poterit
851 1959 954 2050 hujus
977 1957 1029 2030 rei
1057 1954 1181 2030 ratio?
1219 1977 1262 2028 an
1290 1954 1386 2047 quod
1408 1956 1526 2050 religia
1549 1951 1586 2026 de

434 2049 592 2127 Ecclesia
613 2049 805 2130 Christiana
826 2055 877 2129 ibi
897 2055 1014 2130 sedem
1036 2052 1224 2130 habuerit?
1248 2074 1325 2146 que
1345 2055 1450 2128 unice
1472 2052 1531 2126 hic
1547 2051 1586 2130 in
1626 2121 1629 2129 .
1725 2099 1726 2150 p

403 2181 406 2188 ·
437 2147 584 2225 censum
612 2152 737 2226 venit:
771 2153 858 2242 led,
891 2175 938 2228 ne
961 2151 1048 2225 illud
1070 2151 1141 2226 line
1165 2151 1303 2226 rarione
1325 2149 1435 2226 solida
1452 2147 1585 2224 adsumi
1725 2151 1726 2190 l

435 2246 577 2337 ‘lisama
601 2249 723 2324 eadem
744 2272 887 2346 quoque
910 2252 946 2326 in
968 2247 1048 2324 Asta
1070 2245 1350 2342 quaquaversum.
1370 2246 1512 2346 viguit,
1549 2246 1586 2320 tr
1725 2269 1726 2348 3

437 2345 533 2432 inter
556 2341 758 2439 Moscouitas
779 2350 1009 2438 dominatum
1034 2348 1190 2444 graviter
1214 2365 1356 2440 quoque
1376 2369 1397 2420 a
1420 2343 1528 2421 Persis
1552 2342 1586 2416 dc

435 2443 618 2518 Saracenis
642 2441 729 2539 saepe
752 2445 804 2520 est
825 2445 970 2521 adilista.
1029 2443 1202 2530 Accedit,
1235 2444 1327 2518 hanc
1348 2443 1458 2538 ipsam
1480 2444 1588 2517 ratio·

439 2561 522 2614 nem
544 2562 608 2632 per
628 2541 771 2618 illorum
786 2545 973 2636 opiniones
989 2541 1173 2630 enervari,
1198 2541 1256 2633 qui
1270 2563 1383 2638 regno
1397 2542 1590 2626 Ottoman·

409 2687 410 2690 =
436 2637 522 2710 'nico
544 2637 637 2710 inter
660 2636 777 2712 bestiae
800 2660 935 2714 cornua
948 2639 1068 2714 locum
1091 2639 1185 2714 dant.
1237 2637 1357 2736 Quare
1372 2639 1492 2732 itaque
1508 2635 1610 2716 reli.
1725 2725 1726 2728 Ἴ

438 2735 517 2825 quis
538 2731 655 2826 regnis
684 2731 772 2808 Alia
794 2735 908 2810 nullus
931 2737 1139 2829 relinquitur
1162 2735 1287 2810 locus?
1575 2787 1580 2815 ·.

407 2876 412 2884 ·
491 2832 523 2917 ς.
551 2828 627 2900 llll.
652 2825 761 2925 Quod
785 2830 809 2904 li
832 2853 917 2920 eos,
951 2835 1009 2926 qui
1037 2831 1281 2931 Porphyriones
1303 2833 1488 2910 contrariae
1511 2834 1589 2909 seu-

381 2950 385 2952 ·
408 2963 410 2966 ·
441 2925 563 2999 tentia
582 2941 750 3016 patronos
762 2927 937 3004 invidiose
950 2933 1151 3024 adpellant,
1174 2933 1257 3024 quia
1271 2933 1508 3028 Porphyrius,
1538 2945 1591 3005 te-

436 3018 493 3094 ile
515 3021 767 3116 Hieronymo,
791 3024 837 3098 de
859 3026 1069 3125 Lagidarum
1091 3029 1124 3102 δι
1146 3029 1410 3105 Seleucidarum
1434 3029 1588 3124 imperio

440 3117 516 3194 hac
541 3120 613 3194 visa
633 3120 887 3216 interpretatus
912 3124 984 3213 est,
1011 3141 1050 3200 ut
1072 3126 1250 3214 imitarer,
1275 3130 1319 3204 ab
1339 3130 1461 3204 animo
1480 3131 1591 3222 impe·

412 3222 414 3228 ’
437 3227 535 3291 trare
558 3214 710 3312 possem:
736 3221 842 3319 longe
863 3225 998 3315 majore
1018 3225 1099 3316 jure
1113 3225 1150 3300 in
1170 3225 1372 3318 Judaeorum
1395 3224 1514 3298 castris
1529 3225 1593 3298 mi·

436 3312 625 3390 litare-eos
648 3337 813 3412 regerere
834 3319 938 3393 facile
960 3320 1079 3410 foret,
1105 3322 1163 3416 qui
1184 3321 1387 3398 Romanurn
1400 3323 1590 3416 imperinm

410 3427 551 3505 usque
574 3413 618 3486 ad
640 3409 750 3490 finem
771 3432 975 3512 temporum
995 3419 1059 3492 hic
1081 3419 1221 3516 depingi
1245 3435 1439 3497 autumant.
1489 3417 1589 3517 Quid

437 3512 535 3584 enim
562 3510 628 3584 hac
650 3510 721 3605 ipsa
743 3513 932 3608 hypothesi
956 3518 1065 3612 rnagis
1085 3517 1185 3591 favet
1206 3515 1361 3610 Judaeis,
1386 3518 1445 3612 qui
1470 3516 1591 3590 Messi·

414 3645 415 3650 Ν
439 3627 496 3686 am
513 3607 733 3700 exspectant,
758 3635 828 3689 nec
848 3612 912 3686 nili
931 3613 968 3686 in
982 3609 1053 3688 fine
1073 3637 1265 3712 regnorum
1287 3617 1429 3704 mundi,
1456 3616 1494 3690 in
1511 3637 1589 3708 que

315 3743 320 3753 ·
437 3701 644 3778 Romanum
679 3707 897 3800 imperium,
938 3726 1103 3804 tanquam
1134 3712 1284 3789 totidem
1308 3731 1447 3806 partes,
1482 3713 1588 3786 disce

409 3842 412 3850 ι
439 3796 522 3885 det,
548 3799 840 3881 manifestandum
855 3803 925 3888 else
941 3806 1143 3883 somnianti
1168 3831 1240 3902 quo
1253 3827 1467 3908 argumento
1481 3812 1589 3885 etiarn

442 3911 614 3987 utuntur,
649 3898 682 3972 ἀ
707 3921 783 3993 quae
808 3922 905 3980 arma
922 3903 1001 4002 ipsis
1024 3903 1210 3985 difficulter
1230 3915 1470 3986 excutiuntur.
1531 3907 1590 3979 Se

435 4054 440 4065 .
651 4062 654 4068 ,
803 4051 810 4065 .
1503 4020 1588 4078 cun·
1616 4041 1623 4054 J
